4000 6350
200 228 253 290 arr
370 201 373 212 '
769 247 947 332 cumulum
964 252 1228 316 msrnneumsrs
1776 277 1833 334 sm

200 352 333 411 mummi
356 371 438 424 lem·
466 371 528 416 0¹1¹ss
552 360 609 432 list
630 361 812 422 ffllstlibsstffl
836 367 897 437 eills
920 385 1027 446 mor-A
1042 376 1171 446 queniam
1184 380 1231 450 qui
1241 379 1304 437 talis
1321 386 1365 437 est
1375 387 1406 435 ut
1419 380 1620 452 eleemosynam
1634 400 1697 442 rere
1706 401 1739 443 ae
1749 386 1832 461 digne

201 453 255 502 tem
271 447 468 532 lamentaretur
478 449 524 524 (ll
534 450 699 526 Regnent).
716 454 847 530 (tratione
865 461 990 519 similiter
1040 466 1106 523 dare
1118 469 1220 540 possit,
1232 471 1297 528 huic
1311 487 1407 529 revera
1421 473 1514 529 omnia
1529 476 1631 531 munda
1644 492 1706 533 esse
1719 481 1832 537 conlite-

199 538 366 598 miseremur
386 542 511 614 proxime
535 543 642 602 duobus
668 547 769 616 modis,
790 563 852 607 cum
874 554 916 609 rel
941 570 990 625 pro
1041 573 1113 615 mur.
1127 559 1193 618 Tale
1206 568 1249 619 est
1264 562 1332 619 iilud
1346 565 1420 636 quod
1437 564 1490 621 dici
1513 567 1602 624 solet:
1619 566 1696 622 liobe
1711 569 1832 624 cirrito-

199 634 321 702 peccatis
344 633 404 704 ejus
422 635 465 691 rel
489 633 608 694 miseriis
628 638 713 694 licum
731 644 836 700 orando
852 645 991 706 humiliter
1041 656 1104 719 mm,
1120 661 1145 707 et
1160 654 1204 723 [ac
1217 655 1281 726 quid
1291 653 1404 712 colueris
1419 672 1429 712 .·
1443 672 1499 715 non
1516 657 1589 730 quod
1606 657 1718 714 habenti
1739 661 1831 716 ehari-

199 723 389 798 imploramue.
405 723 458 781 Pro
478 729 599 798 peccatis
612 731 799 802 proximorum
813 738 909 793 orabat
930 737 990 796 Ste—
1040 748 1125 799 tatem
1144 744 1228 814 iurta,
1246 747 1395 805 homicidia
1418 749 1462 806 rel
1481 749 1614 806 adulteria
1633 751 1715 806 liceat
1733 768 1832 824 perpe-

198 814 318 884 phamrs,
339 830 401 870 cum
414 831 463 887 pro
481 834 510 874 se
534 819 722 890 lapidantibus
738 827 896 898 imploraret
918 831 989 904 (det.
1041 840 1115 891 trare
1125 855 1132 903 ;
1144 836 1193 893 sed
1203 840 1268 910 quia
1282 838 1353 895 nihil
1366 839 1457 898 iacere
1468 847 1560 911 potest
1574 839 1832 897 habendochartm·

198 903 263 976 rui:
276 920 326 978 pro
338 905 558 965 miseriisautem
571 909 890 987 naritus,:cumjurenem
906 920 990 995 Eutye
1040 934 1095 984 tem
1111 931 1186 1002 quod
1201 931 1235 986 ad
1245 933 1330 990 viram
1345 933 1521 991 obtinendam
1533 933 1676 1006 impediat.
1693 933 1832 1006 Competit

197 992 280 1048 chum
302 993 404 1051 misera
426 1005 501 1054 torte
525 1011 696 1074 peremptum
716 1008 822 1063 orando
845 1012 990 1069 suscitaret
1039 1015 1065 1071 ei
1083 1017 1165 1074 etiam
1190 1020 1362 1092 simplicitas,
1381 1030 1412 1077 ut
1433 1038 1467 1080 er
1488 1037 1521 1080 eo
1543 1023 1618 1094 quod
1640 1024 1700 1080 sola
1720 1024 1831 1094 pietatis
1948 1026 1953 1034 '

198 1081 270 1155 (Act.
288 1084 348 1158 rr).
364 1085 541 1147 correctione
553 1109 663 1167 queque
685 1085 847 1156 miseremur
864 1103 989 1173 proxime
1039 1122 1124 1164 eausa
1143 1108 1203 1165 heri
1219 1111 1310 1176 debet,
1326 1127 1382 1167 nen
1396 1119 1499 1184 quaerat
1519 1107 1640 1170 satorem
1661 1114 1801 1170 hominum
1819 1134 1830 1171 :

197 1173 305 1232 duobus
316 1179 407 1268 modis
416 1199 423 1236 :
440 1185 624 1256 enmveleum
637 1188 671 1244 de
686 1189 768 1248 laetis
782 1191 839 1261 l'am
850 1195 931 1249 malis
946 1195 988 1250 in·
1039 1197 1122 1254 veluti
1143 1198 1286 1267 Pharisaei,
1311 1202 1370 1274 qui,
1393 1218 1455 1259 oum
1475 1199 1599 1259 iacerent
1615 1203 1830 1278 eleemosynam,

196 1275 339 1340 crepantes
348 1272 581 1344 corripimus-mel
593 1295 608 1334 a
619 1279 751 1340 iaciendis
769 1285 988 1344 misericorditer
1038 1292 1173 1347 cauebant
1190 1293 1254 1348 tuba
1267 1311 1278 1359 ;
1291 1292 1325 1350 de
1344 1294 1474 1366 qualibus
1491 1295 1558 1350 dicit
1581 1293 1728 1351 Salvator:
1745 1297 1831 1352 damn

195 1361 393 1421 abstrahimus.
415 1363 454 1422 lte
476 1367 526 1423 hac
549 1369 737 1436 misericordia
753 1378 932 1435 correctionis
946 1380 987 1434 di·
1037 1381 1096 1437 dico
1116 1381 1200 1447 cebir,
1219 1391 1369 1452 receperant
1388 1381 1530 1438 mercedem
1551 1399 1629 1437 snam
1650 1381 1760 1454 (llotth
1775 1382 1828 1458 m).

195 1458 270 1508 etum
286 1463 330 1510 cst
347 1455 414 1512 illud
435 1457 465 1512 in
483 1457 610 1518 Psalmo:
634 1461 765 1534 Corripiet
788 1483 828 1522 me
842 1467 935 1536 justus
958 1473 986 1528 r’n
1037 1472 1200 1538 Mercedem,
1213 1473 1312 1544 inquit,
1329 1489 1407 1530 suam
1430 1481 1614 1545 receperunt,
1627 1473 1735 1529 laudem
1750 1473 1830 1533 nide-

195 1547 379 1604 misericcrdio
396 1559 422 1606 et
434 1551 581 1622 ¹increparit
612 1555 652 1611 nte
672 1557 759 1628 (Peri.
774 1559 848 1632 cxc).
864 1561 986 1620 Consilio
1036 1562 1101 1620 licet
1121 1563 1155 1620 ab
1173 1563 1330 1620 haminibus
1348 1580 1431 1635 qoam
1454 1565 1614 1635 quaerebant
1638 1565 1690 1621 sub
1712 1565 1827 1623 obtento

194 1652 303 1710 queque
316 1641 441 1724 proximu
460 1643 634 1714 miseremur,
645 1649 755 1718 quando
770 1651 874 1706 erranti
893 1659 919 1708 el
942 1655 985 1711 sui
1035 1651 1112 1710 ialsae
1139 1655 1291 1726 religionis,
1305 1669 1414 1726 poenam
1428 1669 1492 1710 tero
1515 1670 1576 1726 quae
1593 1654 1763 1711 simulationi
1782 1673 1831 1716 eo-

194 1745 310 1802 prersus
326 1732 433 1804 ignaro,
449 1735 551 1809 salubri
562 1737 677 1794 consilio
699 1741 887 1800 subvenimus.
899 1743 981 1800 huri·
1001 1757 1098 1814 prum
1126 1743 1277 1801 debebatur
1300 1745 1390 1800 adhuc
1415 1751 1495 1800 erant
1518 1744 1667 1816 recepturi.
1697 1743 1828 1816 Quapro-

194 1821 232 1876 lio
248 1822 329 1893 ctiam
344 1825 432 1896 eidem
447 1826 573 1896 proximo
589 1829 760 1898 miseremur,
777 1833 889 1903 qnando
899 1834 932 1890 ad
946 1834 986 1890 ia·
1038 1846 1097 1907 pter
1118 1837 1161 1893 rel
1178 1837 1286 1893 occulte
1306 1836 1366 1893 lieri
1386 1835 1466 1892 debet
1486 1836 1671 1908 eleemosyna,
1690 1835 1770 1907 iuxta
1792 1837 1828 1892 il·

194 1913 321 1970 ciendum
339 1917 382 1970 vel
397 1917 574 1974 obtinendum
597 1919 698 1976 bonrrm
719 1922 793 1994 quod
810 1940 859 1995 per
882 1941 912 1982 sc
929 1941 986 1982 non
1037 1926 1085 1982 lud
1102 1947 1109 1982 ι
1124 1926 1283 1983 discordie
1302 1927 1494 1998 eleemosynam
1517 1927 1545 1981 irr
1562 1926 1622 1982 sina
1644 1929 1779 1997 perperis,
1800 1937 1827 1984 et

194 2007 438 2076 potest‚auri:mm
450 2009 477 2068 ei
493 2010 706 2068 misericorditer
720 2015 890 2074 exhibemus.
903 2017 987 2075 Bene·
1037 2020 1095 2087 ipsa
1110 2018 1198 2074 orabit
1216 2033 1264 2087 pm
1287 2016 1361 2072 colis
1386 2015 1483 2088 (Eccii.
1504 2016 1601 2088 sxrx);
1622 2016 1665 2072 vel
1682 2019 1707 2073 si
1731 2019 1827 2074 occul·

194 2096 257 2154 ticio
278 2105 371 2154 autem
399 2097 486 2156 eidem
515 2101 687 2172 miseremur,
713 2106 823 2176 quando
851 2108 983 2181 indigenti
1036 2108 1150 2162 tarinen
1174 2113 1283 2178 potest,
1306 2121 1375 2178 pura
1401 2114 1492 2163 tamen
1519 2105 1671 2163 intentione
1697 2105 1755 2175 liat,
1769 2109 1826 2164 sie-

191 2188 333 2246 miefialss
359 2191 534 2261 inpendium,
558 2201 651 2264 utpute
671 2195 725 2252 eibi
751 2197 793 2253 vel
814 2205 912 2268 petus,
937 2208 983 2256 aut
1036 2209 1067 2256 ut
1087 2201 1126 2256 ait
1151 2199 1300 2256 Salvator:
1318 2199 1385 2256 Germ
1403 2199 1471 2270 sacis
1490 2200 1692 2270 eleemosynam,
1725 2203 1826 2256 mscict

127 2275 132 2296 '
191 2279 341 2345 testis-rel
361 2282 483 2352 pecuniae
498 2283 597 2340 ellectu
617 2287 727 2355 pietatis
747 2287 931 2360 impertimur.
954 2290 983 2349 ln
1035 2291 1146 2346 sinistra
1169 2301 1216 2346 tae
1239 2289 1303 2363 qnid
1321 2290 1528 2361 {cciotdexterc
1546 2298 1591 2344 tec
1610 2288 1782 2364 (lielthrr),
1797 2292 1826 2348 itl

192 2373 272 2443 cujus
295 2373 422 2431 boneicil
446 2376 615 2434 exhibitione
635 2379 687 2435 ista
707 2381 829 2437 cavenda
853 2392 934 2450 sunt,
950 2400 985 2442 ne
1035 2389 1078 2437 est
1095 2381 1171 2452 operi
1196 2383 1269 2438 beno
1285 2381 1359 2452 quod
1383 2387 1497 2448 tantum,
1510 2378 1583 2436 bona
1605 2381 1757 2438 intentione
1783 2381 1826 2437 ia-

191 2465 239 2520 llat
258 2464 293 2522 de
305 2465 406 2530 alieno,
423 2481 458 2522 ne
476 2467 580 2538 absque
599 2469 692 2535 medo,
712 2473 841 2529 medetur
861 2474 982 2548 indigno.
1034 2472 1160 2528 ciendum
1170 2483 1225 2538 cst,
1236 2472 1304 2528 nihil
1314 2487 1404 2542 pravae
1418 2471 1577 2528 intentionis
1591 2471 1755 2528 admisceas.
1767 2471 1827 2528 ilu-

191 2554 287 2614 Netini
300 2556 334 2613 de
347 2557 447 2622 alieno,
464 2559 595 2629 queniam
609 2562 654 2632 qai
666 2561 731 2627 ierit
748 2564 940 2637 eleemosynam
952 2568 984 2625 de
1033 2561 1229 2617 millieseilam
1240 2561 1327 2618 eidem
1339 2561 1455 2617 multllm
1470 2562 1690 2627 estneeessaria,
1704 2562 1825 2634 nequod

190 2646 342 2702 substantie
355 2649 490 2724 portperir,
501 2651 578 2718 qnasi
591 2651 637 2721 qni
651 2651 768 2708 victimat
779 2654 865 2725 filiam
879 2657 907 2711 in
924 2673 984 2712 eon·
1033 2654 1069 2709 oh
1084 2669 1205 2710 amorem
1217 2652 1265 2709 liei
1277 2660 1304 2709 et
1318 2653 1437 2725 proximi
1449 2653 1591 2710 humiliter
1604 2652 1758 2710 iaciendum
1769 2663 1825 2720 est,

190 2744 281 2808 spectra
294 2738 379 2806 petris
392 2737 609 2812 (becuminis).
622 2739 661 2797 Ne
676 2743 779 2815 absque
796 2747 893 2813 modo,
911 2749 983 2805 velut
1033 2757 1195 2816 arroganter
1209 2752 1236 2800 et
1255 2745 1372 2816 superbe
1383 2744 1429 2799 ilat
1448 2761 1455 2796 ι
1471 2752 1502 2800 ut
1519 2743 1626 2799 iaciunt
1650 2744 1760 2815 quidam
1770 2745 1827 2800 ho·

192 2828 216 2886 si
239 2829 286 2882 nni
308 2827 428 2888 dederis.
450 2829 522 2886 unde
547 2833 673 2908 pluribus
690 2843 799 2906 poteras
823 2839 980 2908 subvenire,
1032 2836 1122 2891 mines
1135 2834 1324 2906 perditissimi,
1344 2833 1439 2906 quiea
1454 2849 1516 2905 quae
1529 2833 1829 2905 pauperibuserogan·

191 2917 232 2976 lte
251 2919 360 2977 dederas
376 2919 498 2994 indigno,
513 2923 537 2978 si
551 2909 650 2996 lhmrtm
664 2941 741 2998 aeque
754 2927 878 3002 indigens
892 2931 981 2988 valeat
1032 2925 1068 2981 da
1091 2932 1171 2981 erant
1199 2924 1304 2981 scurris
1322 2931 1350 2980 et
1368 2923 1550 2980 histrionibus
1570 2924 1733 2995 largiuntur,
1757 2935 1826 2980 cum

191 3012 318 3083 reperiri,
338 3001 567 3084 quemadmodum
587 3018 719 3089 scriptum
733 3028 796 3077 est:
814 3021 896 3078 seder
912 3023 980 3080 0130.
1032 3018 1165 3089 seriptum
1180 3017 1235 3074 sit:
1252 3015 1305 3084 css
1315 3017 1396 3072 donet
1412 3015 1583 3072 histrionibus
1593 3017 1715 3072 inmeiat
1722 3015 1825 3072 deme-

191 3121 302 3177 metyna
321 3105 348 3160 in
362 3122 443 3160 eterna
459 3115 516 3174 tua,
532 3109 613 3164 donec
631 3111 748 3166 inveniar
758 3112 863 3183 justum
877 3115 921 3170 cni
934 3115 980 3172 des
994 3093 1017 3152 ⁰
1032 3108 1120 3164 tillut·
1143 3109 1316 3181 Quapropwl'
1335 3107 1440 3180 duplici
1457 3121 1545 3180 ΝΜ
1554 3109 1824 3176 ίθῠθΰῑΰῑθῧῐὶθῐῑῑὸ

191 3196 364 3271 (Ereti-ru).
382 3198 414 3253 Et
436 3198 500 3256 lieet
520 3201 585 3257 alibi
607 3203 738 3274 seriptum
763 3205 824 3261 sit:
844 3206 924 3263 Onani
937 3224 982 3277 pe-
1031 3202 1075 3258 tel
1098 3201 1162 3273 quia
1189 3216 1325 3273 pauperes
1344 3199 1448 3258 Christi
1464 3215 1515 3257 suo
1529 3199 1657 3255 fraudant
1674 3200 1824 3273 stipendio,

191 3289 257 3343 tanti
269 3297 294 3343 tc
306 3289 478 3363 tribaelhac.
494 3293 544 3365 rr),
561 3299 653 3349 tamen
667 3294 725 3350 haec
737 3303 833 3351 nostra
849 3297 982 3355 beneficia
1031 3293 1075 3349 nel
1089 3292 1154 3363 quia
1165 3307 1198 3349 ca
1216 3308 1277 3364 quan
1288 3292 1359 3349 torte
1373 3291 1434 3349 aliis
1446 3293 1578 3349 violenter
1587 3299 1681 3363 erepta
1691 3298 1756 3348 snut
1769 3293 1825 3347 irn-

190 3376 225 3433 ad
244 3378 411 3437 domesticos
431 3381 502 3446 ildei,
521 3389 550 3439 et
564 3382 670 3439 ricinos
691 3398 740 3439 seu
759 3383 908 3443 familiares
932 3400 982 3441 no-
1031 3383 1180 3455 purissimo
1193 3384 1285 3455 generi
1298 3383 1439 3439 hominum
1455 3397 1507 3455 pro
1518 3398 1568 3441 sua
1586 3382 1756 3439 scurrilitate
1766 3382 1824 3437 lar-

191 3480 264 3528 stros
275 3472 418 3543 copiosius
431 3481 513 3544 atque
528 3472 697 3547 trequentius
710 3475 809 3533 debent
818 3477 940 3535 extendi.
1032 3478 1152 3547 giumm.
1169 3474 1223 3531 Sed
1238 3482 1265 3530 et
1278 3474 1302 3531 si
1312 3472 1429 3545 propris
1440 3474 1497 3531 sint
1506 3488 1553 3530 res
1569 3478 1598 3530 et
1607 3474 1684 3530 omni
1696 3473 1764 3529 vitio
1773 3488 1825 3529 ca·

463 3562 665 3621 ChPlTULUil
678 3564 711 3621 ll.
965 3560 967 3565 ’
1030 3574 1136 3632 rentes,
1164 3566 1193 3622 id
1216 3573 1260 3623 est
1285 3566 1362 3621 nulla
1376 3574 1454 3637 parte
1469 3564 1581 3635 injuria,
1597 3570 1713 3635 peccent
1728 3571 1823 3620 tamon

225 3652 570 3733 Eleemosynamxiaeienti
595 3658 648 3713 ista
669 3660 836 3716 conueniunt
856 3664 981 3721 :mentis
1030 3655 1211 3728 clavillimei
1228 3654 1329 3726 quippe
1351 3669 1421 3725 quas
1439 3654 1468 3709 in
1489 3655 1578 3711 ΜΒΝ
1604 3669 1673 3711 ”⁸¹¹⁸
1694 3652 1824 3711 ⁰⁰¹¹sffl⁰

190 3745 311 3816 peritas,
320 3746 492 3817 simplicitas,
505 3747 656 3816 btrutiliias,
671 3750 833 3825 liberalitas,
844 3752 979 3813 hilaritas.
1030 3749 1195 3814 debuerant,
1217 3746 1259 3804 eis
1277 3746 1394 3817 turpiter
1407 3746 1560 3802 abutentes.
1574 3744 1723 3813 Quacum
1731 3746 1823 3815 maior

190 3836 255 3893 llaec
269 3844 360 3894 autem
372 3838 397 3895 ei
409 3838 527 3897 dicimus
542 3842 707 3899 contenire:
721 3858 776 3899 non
787 3845 844 3899 sola
858 3844 978 3917 quidem,
1030 3841 1128 3899 abusio
1139 3854 1221 3913 qoam
1240 3839 1268 3894 in
1284 3839 1408 3897 homines
1423 3838 1512 3896 ioedos
1524 3846 1552 3895 et
1566 3838 1623 3895 beo
1633 3853 1747 3910 prorsus
1760 3838 1824 3893 cdi·
1856 3876 1868 3897 .

190 3930 238 3987 sed
251 3932 506 4003 praecipua.hlentis
518 3936 625 4007 puritas
633 3936 658 3993 ei
668 3938 746 3995 valde
760 3941 916 3999 necessaria
924 3950 978 4009 est,
1029 3932 1101 3989 biles
1127 3930 1272 3988 facultates
1295 3938 1357 3987 2¹¹³ss
1384 3928 1540 3999 effunder0;
1567 3946 1700 4001 nauperes
1728 3936 1824 3985 autem

191 4018 315 4093 sinoqua
330 4030 463 4081 necasset
476 4024 650 4099 eleemosyna
660 4028 795 4100 quidquid
811 4030 900 4089 secere
915 4048 980 4103 pos.
1029 4023 1134 4080 Christi
1144 4021 1294 4078 et'eosdem
1307 4020 1479 4077 iratrestuos
1489 4022 1566 4077 nullo
1577 4022 1711 4077 benelleio
1721 4036 1824 4078 eonsc-

189 4122 248 4183 cel3
265 4115 328 4186 quia
343 4130 407 4171 cum
421 4116 593 4191 eleemosyna
609 4118 648 4174 nil
662 4121 735 4177 aliud
747 4122 783 4177 sit
800 4138 882 4194 qnam
897 4122 980 4181 mise.
1030 4116 1093 4171 lari.
1114 4113 1167 4182 Qut
1180 4113 1284 4176 uiderit,
1296 4113 1395 4185 inquit,
1404 4114 1603 4184 [recrementum
1612 4112 1807 4168 maecenates

189 4206 327 4276 ricordia,
341 4207 410 4263 nulli
429 4208 587 4266 misericors
606 4224 668 4267 esse
684 4218 785 4282 potest,
800 4214 847 4283 qui
862 4214 979 4287 sibiipsi
1030 4215 1129 4270 temet
1143 4205 1269 4259 clauserit
1283 4206 1382 4260 viscera
1394 4203 1486 4259 secat
1500 4220 1541 4267 et.
1558 4202 1687 4274 montedo
1702 4203 1821 4258 martra:

189 4290 238 4371 per
252 4299 345 4355 cordis
358 4300 544 4371 impuritatem
554 4302 654 4373 impius
667 4310 694 4359 et
708 4304 907 4363 immisericors
917 4323 980 4365 esse
1029 4299 1122 4355 Paltit
1134 4308 1222 4353 menet
1237 4298 1264 4352 in
1277 4302 1328 4355 ²0?
1340 4296 1367 4370 (Ι
1379 4296 1460 4353 loen·
1470 4295 1524 4367 ¹¹¹·)
1536 4293 1703 4351 Fffllelilffls
1716 4309 1823 4366 hwile?

188 4389 374 4446 convincitur.
389 4389 525 4457 Quocirca
540 4391 563 4447 si
576 4392 776 4466 eleemosynam
790 4394 879 4453 iacere
893 4397 980 4453 medi-
992 4424 1019 4485 D
1030 4400 1084 4457 est,
1111 4398 1139 4445 et
1164 4388 1281 4447 forsitan
1301 4390 1441 4475 communi
1452 4386 1526 4443 Patri
1541 4386 1597 4442 lieo
1611 4394 1638 4441 te
1651 4387 1732 4457 longe
1748 4386 1821 4442 dile·

188 4482 266 4547 taris,
285 4495 400 4537 necesse
413 4488 456 4537 est
476 4497 536 4537 eam
548 4496 564 4537 a
581 4490 608 4537 ie
626 4483 686 4553 ipso
701 4485 831 4557 incipere,
846 4495 874 4543 et
888 4497 979 4545 trans·
1029 4476 1820 4545 0²1⁰?-illesefflicissssfiiih⁰rrelsel¹1¹¹¹ile⁸¹¹¹iusim·

189 4572 229 4629 irc
243 4572 272 4627 in
285 4573 451 4644 proximum.
466 4572 544 4639 Quod
560 4574 633 4629 enim
648 4575 686 4629 air
711 4576 837 4633 salvere:-
849 4579 877 4634 p,
890 4578 980 4636 Em.
1029 4578 1057 4626 et
1070 4577 1162 4626 tannen
1174 4578 1238 4625 tuus
1253 4568 1340 4624 irater
1351 4575 1404 4632 est,
1418 4582 1473 4623 non
1489 4574 1568 4639 potes
1586 4566 1648 4636 ejus
1660 4566 1822 4637 propinqui-

166 4723 169 4729 ,
188 4664 259 4736 gelio
271 4684 280 4719 ε
293 4663 574 4735 boteeleemorpnum,
583 4675 608 4719 ct
622 4666 711 4721 omnia
724 4666 823 4723 monde
833 4678 894 4725 seer
907 4670 978 4727 sess,
1029 4669 1112 4719 tatem
1125 4659 1253 4733 effugere.
1279 4658 1374 4716 biride
1388 4674 1452 4714 eum
1468 4657 1553 4713 iratre
1572 4666 1619 4713 tuo
1636 4657 1821 4712 substantiam

188 4755 264 4829 (ccc.
280 4756 331 4829 st),
349 4770 404 4811 non
419 4770 452 4813 ee
464 4770 546 4812 sensu
561 4756 666 4813 dietum
687 4766 729 4815 est
749 4760 829 4829 quasi
849 4762 901 4817 hoc
919 4763 977 4821 :010
1028 4762 1116 4820 tuam,
1131 4768 1167 4811 oe
1180 4763 1257 4810 tuum
1269 4758 1297 4807 et
1311 4752 1386 4808 illius
1399 4747 1509 4806 Patrem
1524 4749 1646 4821 graviter
1659 4748 1819 4803 exacerbes.

187 4849 316 4905 mundari
339 4850 432 4905 valeas
455 4862 471 4903 a
496 4850 590 4927 multis
610 4852 772 4923 magnisque
798 4852 928 4923 llagitiis,
953 4854 978 4913 si
1019 4842 1191 4909 ¹Liberalitas
1204 4855 1313 4913 quoque
1327 4838 1649 4909 iacientieleemosynam
1663 4836 1821 4893 adessede-

185 4939 298 4999 tlederis
309 4941 442 4998 esurienti
457 4942 580 5007 vietum,
597 4942 672 4998 nude
685 4950 802 5011 restem,
814 4948 858 5001 rel
874 4947 977 5018 aliquid
1026 4934 1074 4991 bet
1087 4950 1122 4992 sse
1134 4934 1171 4991 δὴ
1184 4930 1333 5003 018311811Ῑῦ
1343 4938 1371 4986 0²
1383 4929 1479 4985 ”ldllss
1493 4928 1688 4999 ¹110108²¹¹d03
1706 4926 1753 4982 ⁸0⁴¹
1770 4940 1822 4995 pro

187 5032 331 5090 similium.
354 5032 384 5087 si
408 5033 481 5089 enim
511 5033 563 5089 hec
587 5034 675 5090 solum
697 5035 731 5091 ad
755 5038 976 5095 enrunqagiongm
1027 5025 1110 5082 medo
1135 5023 1275 5080 iaeultatis
1299 5021 1378 5077 irairi
1401 5019 1518 5075 libenter
1542 5017 1741 5088 impertiatur:
1762 5030 1819 5071 non

186 5126 339 5181 multorum
353 5140 570 5197 magnorumque
584 5125 730 5183 criminum
745 5126 879 5186 sufficeret
896 5150 903 5187 ε
926 5146 975 5203 op.
1017 5123 1084 5185 tam
1098 5116 1198 5171 timens
1212 5115 1241 5169 in
1256 5123 1396 5184 posterum
1409 5110 1547 5167 deiectum
1560 5124 1640 5163 suum
1652 5122 1735 5178 quam
1748 5120 1820 5176 prae·

186 5218 346 5275 timaesset
370 5216 553 5289 pessimorum
571 5218 714 5276 hominum
730 5218 863 5287 conditio,
880 5222 903 5278 si
925 5236 975 5278 sua
1027 5216 1132 5267 centem
1147 5208 1222 5264 illius
1235 5205 1380 5262 attendens
1392 5204 1547 5274 penuriam.
1561 5200 1718 5257 hieminisse
1731 5199 1819 5268 siqui·-

185 5308 288 5383 ssagitia
311 5310 370 5367 sela
391 5324 484 5367 rerum
505 5310 699 5383 temporalium
718 5312 842 5381 impensa
862 5318 975 5383 possent
1023 5300 1088 5363 dem
1102 5300 1194 5365 debeb
1206 5291 1820 5394 l¹¹⁰¹¹3³fflll⁸¹ii¹0ffiilll²⁵0¹¹fi³illimusilliti

186 5400 330 5468 redimere,
345 5401 442 5475 quales
461 5407 526 5459 suut
537 5400 623 5467 iures,
639 5408 774 5473 raptores,
783 5403 976 5474 quadruplam
1025 5394 1157 5465 lamellis,
1167 5393 1220 5449 ³¹1²
1234 5390 1374 5462 copiosius
1389 5386 1556 5443 minime·
1567 5382 1663 5439 Μὴ*
1677 5398 1742 5453 “⁸⁰
1756 5398 1820 5453 Ψ·

186 5505 241 5557 res,
256 5494 303 5564 qui
315 5493 398 5551 rebus
413 5494 503 5551 etiam
515 5494 593 5551 malm
606 5494 693 5565 partis
709 5496 843 5551 malorum
861 5508 975 5551 suorum
1014 5488 1093 5551 ,libet
1106 5502 1156 5557 pro
1172 5484 1300 5541 facultate
1315 5496 1376 5549 suit,
1391 5486 1419 5535 ei
1429 5479 1466 5535 ob
1478 5491 1598 5533 amorem
1613 5476 1688 5577 illitis
1699 5477 1745 5545 qui
1758 5489 1820 5576 nm·

186 5581 377 5652 impunitatem
391 5585 444 5642 sibi
460 5584 540 5644 iacile
561 5592 764 5657 compararent.
774 5584 852 5652 Quod
863 5585 974 5657 quidem
1014 5579 1073 5637 nia
1084 5576 1160 5633 dedit
1178 5583 1207 5631 et
1221 5573 1356 5644 ampliora
1373 5570 1440 5625 dare
1457 5572 1559 5639 potest,
1581 5574 1672 5666 egenti
1690 5578 1819 5635 proxime

186 5672 216 5729 in
230 5674 406 5755 illisliomini
424 5677 514 5735 verbis
537 5677 650 5735 minime
667 5676 748 5733 debet
766 5676 879 5751 intelligi
892 5692 902 5745 3
915 5676 974 5748 sed,
1027 5672 1100 5747 quod
1111 5676 1203 5745 potest
1213 5668 1340 5726 exhibeat
1361 5675 1489 5754 :memor
1500 5659 1576 5717 illius
1587 5656 1740 5729 Scriptura
1755 5669 1820 5727 quae
