4000 6350
137 383 173 440 ss
584 345 586 350 ’
735 364 947 424 ruscorum
963 364 1009 420 mr
1026 364 1183 423 cortona.
1724 363 1761 420 aa

138 499 200 556 Sem
210 497 301 569 signat
314 488 561 566 quosdamiustos,
575 489 699 559 aliosque
715 483 855 557 profanos,
935 488 959 546 Α
1008 481 1094 548 Quem
1110 480 1281 554 prioselegit
1294 481 1381 553 gratia
1396 496 1505 540 summa
1516 479 1576 536 Ilei.

171 591 276 661 licque
291 585 421 659 produxit
435 585 481 639 illa
495 595 615 654 propago
626 588 746 650 patrum.

135 679 250 742 (inutilis
261 678 366 752 populi,
381 675 429 747 qui
443 679 557 728 noverat
568 672 640 727 iuter
654 667 783 726 llebraeos

169 771 272 829 livere
282 783 377 841 porro,
391 764 489 836 taphet
503 778 565 820 csse
579 762 666 836 ligura
677 769 776 832 potest.

124 865 245 931 =Frater,
260 863 308 934 qui
322 868 426 932 patrem
444 855 550 920 derisit,
564 855 655 928 signat
669 851 815 919 llebraeos,

174 961 227 1030 Qui
243 959 334 1016 rident
353 954 457 1013 christi
478 954 590 1026 probra,
611 966 779 1022 crucemque
800 949 858 1022 (to)
874 966 925 1008 no·

800 1043 885 1119 [gatti.

138 1146 172 1214 ls,
184 1160 265 1217 qoem
275 1143 318 1199 rir
326 1131 418 1214 justus
431 1153 482 1212 pro
497 1148 573 1212 patre
587 1155 638 1196 suo
650 1137 801 1205 maledixit,

169 1233 278 1290 Judaeos
291 1231 392 1304 signat,
410 1246 481 1302 quos
495 1229 575 1286 modo
590 1230 709 1285 mundus
724 1227 815 1285 habet.

135 1326 209 1394 Quos
222 1332 314 1396 patres
328 1338 408 1395 egere
422 1337 484 1378 reos
497 1321 524 1376 iu
537 1321 670 1394 ¹sanguine
683 1319 788 1377 Christi

170 1415 218 1470 llis
231 1412 323 1470 serbis
334 1414 437 1485 proles,
450 1421 513 1484 post
525 1413 595 1468 malo
608 1421 702 1468 nostra
718 1413 801 1471 lavat.

136 1507 265 1568 liemrotb
285 1509 334 1590 qni
350 1517 453 1566 turrem
478 1506 633 1566 construxit
654 1507 712 1580 (39)
732 1506 768 1563 ad
781 1505 920 1564 11111111-

760 1597 884 1672 [nantem

169 1697 218 1754 Est
244 1697 363 1755 Satanas
379 1709 505 1768 querens
523 1692 832 1763 alta,sedinrate11ens.

134 1787 241 1845 Mansio
259 1789 350 1860 signat
360 1783 461 1854 Heben,
477 1785 525 1842 ubi
536 1784 626 1856 prima
637 1785 745 1855 loquela
758 1785 889 1841 remansit

171 1879 279 1946 Alidem,
292 1878 412 1944 Christe,
437 1885 523 1945 tuam,
535 1884 697 1947 quamanet
713 1891 767 1932 una
786 1875 864 1931 lidos.

134 1971 193 2028 lien
203 1969 386 2040 dominusque
400 1951 489 2024 Salem
503 1982 601 2038 panem
612 1965 761 2042 vinumque
774 1961 871 2032 litavit,

171 2061 201 2118 ln
210 2076 266 2133 quo
276 2061 400 2134 signatur
412 2058 538 2116 Christus
553 2068 700 2131 utrumque
713 2066 820 2131 potens.

469 2169 532 2228 Sine
547 2169 585 2228 D.

136 2281 248 2340 AEterni
258 2281 350 2341 Patris
362 2291 441 2356 typus
453 2290 495 2341 est
508 2282 647 2340 Abrabam
661 2291 739 2356 pater
754 2303 761 2340 :
775 2298 832 2341 arn

174 2373 222 2430 llle
236 2389 317 2431 snam
328 2383 421 2432 natum
432 2383 586 2440 consecrat,
599 2374 652 2432 iste
666 2389 758 2432 suam.

131 2465 177 2522 llil
190 2465 270 2524 lsaac
284 2467 395 2538 patitur,
411 2466 482 2522 aries
493 2466 523 2522 lit
533 2465 667 2523 uictima:
683 2465 787 2523 Christi

168 2555 212 2611 llil
224 2555 329 2626 patitur
341 2569 453 2621 numen.
465 2569 528 2610 eom
542 2555 676 2612 moriatur
689 2557 782 2614 bomo.

133 2647 232 2704 ismael
247 2663 281 2705 ac
298 2646 374 2704 lsaae
384 2661 462 2706 11111
478 2655 639 2704 testamenta
655 2649 794 2720 liguram:

168 2739 304 2811 Exprimit
314 2739 360 2794 ille
373 2750 461 2796 11111.
472 2737 608 2810 Exprimit
622 2740 673 2796 iste
687 2753 801 2796 norum.

131 2831 260 2889 llirsutus
274 2832 353 2890 ruins
368 2831 438 2888 Esau
450 2839 539 2898 notat,
557 2833 687 2903 exprimit
702 2832 780 2888 illos:

167 2921 219 2989 Qui
234 2922 339 2978 tinxere
349 2937 447 2980 manus
460 2923 604 2995 sanguine,
617 2923 737 2992 Christe,
748 2931 806 2980 tuo.

131 3009 220 3068 Fratri
229 3011 453 3084 prelatuslaoob
464 3021 542 3070 nutat
552 3029 639 3086 genus
649 3014 723 3072 istud

167 3103 291 3161 Protulit
303 3103 425 3162 llebrreis
434 3107 539 3178 quioor
550 3122 675 3181 opusque
690 3116 777 3166 notat.

132 3195 182 3252 Est
195 3196 289 3254 haban
308 3198 437 3265 Satanas,
458 3198 540 3271 cuius
559 3214 658 3257 nomen
670 3200 872 3257 sonatalburn:

167 3286 235 3345 liant
251 3288 352 3361 tegitur
365 3290 437 3347 ialso
449 3306 522 3363 soepe
535 3292 627 3348 colore
641 3292 737 3349 Satan

132 3378 217 3436 l'area
232 3380 334 3439 liaebel
348 3390 439 3439 manet
452 3384 479 3438 in
489 3392 584 3454 *por-tn,
594 3385 683 3441 uentri
697 3382 744 3441 sed
758 3383 849 3439 avaris

166 3471 305 3529 tacueram
320 3484 417 3545 pensat
428 3474 522 3548 largos
538 3476 566 3531 in
585 3490 634 3532 ore
648 3476 732 3531 nitor.

130 3561 227 3619 Proles
242 3563 367 3620 nobilitat
380 3574 487 3621 uterum
501 3565 563 3639 byae
575 3585 583 3623 :
597 3566 644 3623 scd
655 3580 754 3639 egenas

167 3652 200 3709 St
211 3654 318 3711 steriles
329 3654 435 3723 babuit,
445 3656 543 3713 et'sine
556 3655 632 3726 llere,
644 3672 739 3729 genas,

130 3744 231 3801 l‘ulcra
242 3744 345 3803 llacbel
357 3748 457 3805 sterilis
472 3764 549 3806 ruens
559 3758 601 3805 est
611 3750 715 3807 intenta
726 3754 863 3823 aripennis,

166 3836 299 3915 Fraterno
308 3852 424 3909 parcens
440 3839 517 3896 utilis
529 3854 590 3897 esse
604 3840 691 3899 luero.

132 3928 190 4001 Lya
200 3929 273 4001 riget
283 3938 374 4002 partu,
383 3932 458 4002 quod
472 3930 529 4004 (to)
541 3932 617 3989 luera
629 3948 679 4004 per
693 3934 758 3992 utile
771 3936 846 3993 uerbi

168 4020 268 4079 Sernen
282 4023 448 4103 innecclesiis
459 4024 531 4081 aetio
542 4034 637 4082 sancta
646 4026 728 4097 parit.

465 4134 529 4192 Sine
543 4134 568 4191 Ε
571 4180 577 4194 .

135 4227 205 4283 Duru
217 4228 260 4284 rir
273 4242 337 4285 curo
349 4227 436 4285 Jacob
453 4228 573 4285 luctatur
587 4228 689 4285 missus
709 4231 744 4286 ab
759 4230 829 4299 alto,

168 4317 288 4375 Claudus
304 4320 333 4374 in
352 4318 465 4375 instanti
481 4320 516 4376 sit
530 4320 690 4390 patriarcba
703 4321 773 4377 loco.

132 4409 256 4466 Cumulo
272 4410 392 4466 luctatur
406 4409 543 4467 Christum
556 4410 699 4484 synagoga
713 4412 833 4483 litigans

974 573 1021 629 llle
1034 572 1123 630 cubile
1139 574 1225 643 patris
1241 574 1336 642 violat,
1347 573 1426 643 dnm,
1436 588 1520 644 quam
1536 567 1724 628 sierbristus

1008 665 1166 738 Coniungit,
1180 681 1290 723 carnem
1303 667 1376 740 cogit
1390 667 1459 723 inire
1471 679 1593 722 erucem.

973 755 1100 813 Scribere
1111 771 1182 827 quos
1197 755 1312 813 Simeon
1323 765 1400 814 notat
1414 755 1539 813 occidere
1548 752 1698 826 propbetas

1006 847 1127 920 Postque
1137 847 1334 919 prophetarum
1345 847 1469 904 membra
1480 853 1620 917 perempte
1629 841 1724 900 lesum

972 940 1059 1010 Quem
1071 955 1170 997 manus
1183 940 1293 996 illorum
1305 938 1391 997 elatis
1401 937 1549 994 terebravit
1559 935 1649 992 acutis
1752 947 1756 955 ·

1007 1031 1060 1101 Qui
1073 1047 1169 1089 murus
1179 1041 1271 1087 noster
1284 1039 1313 1086 et
1323 1040 1400 1102 petra
1411 1039 1506 1085 nostra
1516 1036 1620 1084 manet.

970 1123 1104 1178 ductores
1115 1123 1229 1178 sceleris
1244 1123 1273 1177 in
1285 1119 1389 1178 Christi
1403 1126 1492 1175 morte
1502 1117 1612 1174 leuitas

1004 1210 1239 1286 Presbyterosque
1253 1219 1333 1268 notat
1342 1210 1519 1279 insinuatque
1532 1207 1608 1264 Levi.

970 1302 1055 1363 ludas
1069 1303 1195 1376 designat
1206 1301 1360 1371 cbristuro,
1376 1317 1458 1374 quem
1471 1300 1565 1356 laudat
1577 1298 1605 1355 in
1620 1298 1682 1355 altis

1005 1393 1138 1466 Angelus,
1154 1395 1182 1448 in
1197 1393 1277 1451 terris
1290 1407 1395 1465 pronus
1407 1393 1504 1448 adorat
1515 1392 1609 1446 borno.

970 1485 1038 1542 Bina
1055 1485 1117 1543 luce
1130 1484 1200 1543 solet
1215 1486 1324 1542 catulos
1334 1485 1455 1541 dormire
1467 1482 1567 1549 leonis,

1004 1573 1126 1648 Postque
1144 1575 1215 1632 duos
1230 1577 1320 1647 surgit
1337 1575 1504 1647 evigilatque
1521 1575 1591 1631 dies.

971 1662 1016 1722 Sic
1027 1672 1055 1722 et
1069 1667 1150 1722 tertia
1161 1666 1207 1722 lun
1219 1666 1253 1723 de
1267 1681 1366 1724 somno
1377 1667 1493 1723 suscitat
1508 1665 1598 1722 illum.

1005 1756 1058 1826 Qui
1072 1758 1167 1831 stirpis
1182 1757 1260 1815 iodea
1271 1759 1373 1815 dicitnr
1383 1774 1445 1815 esse
1453 1757 1511 1814 leo.

892 1825 900 1853 '
933 1825 1018 1903 Blist
1035 1847 1131 1904 asinos
1151 1846 1259 1904 ualidus
1283 1845 1411 1903 lssacbar
1434 1845 1572 1902 recubans
1591 1858 1679 1918 prope
1697 1857 1759 1902 uto·

1656 1937 1722 2009 [tas,

1003 2025 1075 2093 outo
1085 2025 1158 2083 bona
1174 2025 1211 2084 sit
1222 2028 1344 2100 requies,
1362 2029 1465 2100 optima
1480 2037 1565 2097 terra,
1578 2028 1692 2086 ridens:

969 2115 1171 2190 lloctommque
1182 2126 1269 2186 notat,
1285 2119 1332 2191 qui
1345 2119 1473 2176 robustos
1484 2121 1554 2192 gerit
1565 2130 1654 2188 aetus,

1002 2207 1045 2265 Ad
1055 2223 1149 2264 ueram
1164 2209 1287 2280 requiem
1302 2210 1407 2266 lumina
1418 2211 1518 2266 mentis
1531 2211 1647 2268 babens.
1707 2278 1711 2288 ,

968 2300 1036 2370 Qun
1045 2299 1108 2357 ritae
1118 2309 1202 2368 meta,
1217 2300 1280 2371 quis
1296 2301 1391 2356 mundi
1404 2301 1537 2357 erminus
1552 2310 1650 2370 exstet,

1002 2390 1241 2459 Commemorans,
1259 2400 1287 2448 et
1297 2392 1325 2446 iir
1338 2391 1382 2447 bis
1395 2401 1485 2446 mente
1497 2391 1599 2448 cubare
1612 2392 1737 2461 studens,

968 2479 1120 2539 Ecclesiam
1131 2481 1223 2554 signat
1236 2481 1445 2554 zabulonque
1460 2481 1589 2541 fluetibus
1602 2482 1686 2555 buius

1003 2573 1138 2629 deteritur
1150 2574 1224 2640 uitae,
1238 2572 1431 2644 supplicioque
1448 2582 1532 2644 patet.

969 2663 1028 2720 llari
1038 2663 1133 2736 judex,
1146 2663 1260 2721 coluber
1271 2666 1299 2719 in
1314 2663 1391 2735 largo
1405 2663 1490 2733 eaile;
1506 2663 1644 2735 Gerastes,

1003 2754 1041 2810 ln·
1051 2755 1146 2811 stricto
1157 2756 1270 2811 ueniens
1282 2773 1290 2810 a
1303 2755 1386 2811 stabit
1397 2753 1510 2826 iniquus
1522 2770 1606 2827 eqno.

972 2843 1013 2902 Ex
1025 2845 1079 2902 boc
1088 2844 1435 2903 aseendensasuiebrtstus
1446 2847 1537 2902 trabet
1549 2857 1651 2915 ortum,

1005 2934 1042 2992 Ut
1052 2935 1194 3008 Scriptura
1203 2936 1306 2993 docens
1318 2936 1381 2993 iude
1392 2937 1531 3008 loquendo
1545 2946 1636 2994 sonat.

969 3025 1020 3086 llic
1043 3029 1096 3084 erit
1116 3039 1147 3085 ut
1170 3028 1284 3096 coluber
1300 3029 1448 3098 mordens,
1472 3038 1659 3101 tanquamque
1681 3044 1759 3085 cera-

1654 3120 1723 3195 [stes

1004 3210 1061 3269 lllis
1079 3212 1127 3284 qui
1143 3212 1228 3269 rectis
1244 3211 1388 3285 gressibus
1401 3212 1443 3269 ire
1457 3212 1562 3269 solunt.
1730 3216 1737 3229 “

968 3302 1018 3361 Est
1032 3319 1121 3377 oquin
1134 3304 1180 3361 bie
1199 3304 1334 3373 muudus3
1355 3313 1399 3361 est
1419 3320 1513 3362 sessor
1526 3304 1644 3377 quisque
1659 3319 1757 3375 super·

1646 3397 1721 3471 [bus.

1002 3489 1096 3547 liundi
1109 3492 1243 3549 terminus
1252 3500 1296 3549 est
1309 3492 1414 3563 ungula
1428 3491 1506 3563 pedis
1519 3490 1594 3562 equi.

966 3581 1016 3639 llle
1025 3584 1136 3655 quidem
1148 3584 1261 3641 veniens
1273 3584 1302 3639 in
1321 3585 1417 3641 mundi
1429 3583 1539 3641 turbine
1549 3584 1654 3653 perdet,

1004 3672 1080 3739 Quos
1098 3674 1197 3743 poterit
1212 3676 1343 3729 mordens
1355 3674 1540 3744 dejiciensque
1553 3684 1637 3729 retro.

967 3762 1041 3819 Bella
1059 3762 1117 3819 Gaul
1129 3764 1270 3819 accinctus
1286 3766 1360 3819 bunc
1371 3764 1551 3834 precedendo
1566 3764 1703 3833 movebit;

1001 3856 1150 3912 Aeeinctus
1161 3857 1273 3912 veniens
1291 3856 1376 3911 stabit
1388 3865 1415 3912 et
1429 3857 1487 3927 ipse
1499 3866 1583 3912 retro.

967 3944 1124 4017 Discipulos
1136 3956 1213 4001 notat
1230 3946 1275 4001 bie
1286 3948 1320 4001 ad
1333 3946 1436 4001 Christi
1450 3946 1520 4001 bella
1534 3953 1657 4015 paratos,

1003 4033 1079 4104 Quos
1094 4035 1172 4106 praett
1185 4045 1213 4091 et
1226 4036 1352 4105 sequitur
1366 4036 1451 4106 qratia
1464 4035 1539 4107 larga
1556 4034 1604 4090 liei

966 4124 1051 4182 Panis
1065 4126 1174 4196 pinguis
1188 4125 1262 4189 1111,
1277 4124 1442 4197 pinguedine
1455 4126 1535 4196 panis
1552 4124 1718 4185 abundans:

1001 4216 1069 4289 Ejus
1079 4218 1192 4274 delicias
1203 4216 1313 4286 regibus
1325 4216 1370 4272 ille
1385 4216 1470 4273 dabit.

966 4306 1070 4364 Altaria
1082 4306 1282 4363 sanctuscibus
1298 4307 1345 4362 illo
1359 4322 1429 4378 pane
1444 4316 1566 4376 notetur,

1003 4396 1156 4468 01111111,
1169 4398 1296 4471 populos,
1315 4396 1522 4471 Ecclesiamque
1532 4400 1615 4456 cibat.

167 4500 324 4569 claudicat,
342 4510 370 4558 et
385 4501 443 4574 (11)
464 4502 563 4558 titubat
583 4503 647 4561 hinc
668 4504 739 4559 mpla
758 4506 842 4561 muna
866 4522 916 4576 pq.
931 4486 954 4545 b
968 4488 1111 4561 tlepbnltn
1125 4492 1244 4546 emissus
1258 4506 1356 4548 ceruus
1368 4491 1483 4559 dicatur,
1500 4494 1533 4547 ad
1541 4506 1650 4549 omnem

804 4596 881 4671 [rutis

133 4685 186 4741 Lot
205 4693 316 4742 muetos
339 4686 439 4757 signat,
455 4701 525 4759 quos
537 4680 631 4743 mundi
650 4686 712 4744 llnls
730 4687 833 4745 abillis

148 4775 280 4846 ,lliiridin
295 4793 328 4834 ae
342 4778 440 4847 salvat,
455 4794 525 4851 quos
539 4780 609 4835 mala
625 4777 734 4834 llarurna
748 4790 834 4836 vorat.

133 4866 211 4925 Uror
232 4868 285 4925 Lot
307 4878 385 4925 notat
395 4870 456 4939 bos,
471 4885 542 4943 quos
555 4870 673 4941 prinum
685 4871 772 4943 gratia
781 4871 884 4929 Christi
916 4906 924 4921 ·

170 4956 274 5035 111111,
292 4970 354 5032 post
366 4960 471 5017 iaciunt
482 4962 516 5018 ad
527 4962 598 5017 rnala
610 4962 697 5035 prima
711 4964 794 5019 uiam.

133 5049 351 5123 llanepatriarn,
366 5068 420 5125 qua
431 5068 505 5111 nunc
521 5052 645 5110 Samaria
662 5053 796 5127 iungitur,
810 5071 865 5113 una

171 5144 238 5201 Filia
253 5142 306 5200 Lot
331 5144 431 5217 signat,
455 5146 550 5202 ultima
566 5157 630 5203 nata
647 5146 731 5203 Sion:

134 5238 273 5297 Doctrinis
283 5248 379 5298 eontra
390 5239 536 5300 bonoilum
549 5244 701 5301 maculatur
712 5245 814 5317 iniquis

172 5330 247 5387 lilius
258 5342 305 5389 aut
319 5332 401 5403 liujus
413 5333 502 5391 incola
517 5337 595 5391 turba
608 5336 670 5393 loci.

471 5426 536 5481 Sine
548 5426 582 5482 F.

132 5511 184 5567 Est
195 5511 290 5570 liuben
306 5514 515 5587 primogenitus,
531 5516 662 5587 populum
673 5527 748 5575 notat
759 5518 834 5573 illum

171 5646 228 5719 (58)
244 5646 388 5720 Fidemqne
402 5649 502 5705 rectius
514 5656 544 5704 ot
564 5647 585 5705 G
611 5662 703 5707 eareat
726 5638 903 5708 uocabulum.

170 5720 228 5789 q59t
240 5720 281 5775 rto
295 5719 328 5775 C.
346 5718 496 5775 tollendum
515 5720 649 5789 potuisset
671 5722 775 5777 scribi:
795 5722 921 5787 011111-

131 5791 186 5844 rim
204 5789 328 5845 Nimrotit
349 5791 494 5857 exstruxit,
514 5790 556 5845 vel
572 5807 579 5843 :
594 5788 755 5847 Ntmrotlrtts
769 5795 864 5846 turrino
874 5794 920 5863 qut'

1003 4580 1123 4636 Cursum
1138 4580 1305 4647 succinctus,
1318 4581 1403 4637 torisa
1413 4582 1520 4662 decoris
1532 4583 1655 4639 balteus:

969 4671 993 4726 1
1005 4669 1120 4725 Domino
1131 4672 1231 4727 missos
1243 4672 1346 4727 celeres
1356 4682 1466 4743 portare
1476 4686 1525 4744 per
1538 4673 1632 4729 orbem

1006 4761 1154 4834 Splendida
1169 4764 1251 4819 uerba
1260 4762 1308 4818 liei
1321 4764 1433 4821 denotat
1449 4764 1495 4821 ille
1512 4766 1595 4821 uiros.

1309 4874 1373 4931 Sine
1383 4874 1416 4931 G.

969 4965 1070 5038 losepb
1081 4966 1207 5023 venditus
1219 4975 1274 5033 est,
1288 4974 1317 5023 et
1331 4966 1458 5023 cbristus
1472 4966 1617 5024 venditos:
1633 4966 1679 5023 ille

1004 5055 1154 5114 Praedeitur
1167 5056 1286 5127 populis,
1299 5056 1428 5112 omuibus
1439 5056 1491 5112 iste
1505 5066 1613 5128 praeest.

970 5146 1111 5219 benjamin
1123 5156 1187 5203 ante
1196 5148 1277 5218 lopus
1287 5148 1405 5217 preculam
1417 5147 1525 5217 rapiens
1540 5148 1592 5203 sibi
1605 5164 1686 5204 mono

1005 5240 1128 5311 Arripuit
1141 5254 1214 5306 sero,
1226 5240 1322 5295 diuidit
1334 5238 1476 5308 ille-cibos.

970 5333 1011 5387 Ad
1022 5334 1143 5405 typicum
1158 5347 1268 5389 sensum
1284 5331 1373 5387 verrio.
1390 5330 1504 5386 Saulurn
1520 5332 1652 5387 uotatille

1006 5424 1046 5480 Ex
1065 5425 1143 5496 enjus
1155 5433 1235 5479 natos
1245 5422 1345 5479 dicitur
1356 5437 1419 5479 esse
1434 5422 1518 5485 tribu.

970 5515 1025 5573 lete
1036 5517 1113 5588 prius
1124 5515 1243 5586 praedam
1255 5513 1348 5584 rapuit
1362 5513 1415 5570 sibi
1429 5528 1507 5570 ruore
1520 5512 1624 5583 lupino,

971 5653 1080 5709 struxit.

1008 5724 1064 5791 etti)
1076 5722 1149 5792 lnge
1167 5736 1230 5791 qno,
1245 5720 1310 5789 quia
1323 5719 1412 5775 littera
1424 5714 1551 5771 11111111
1563 5711 1653 5786 debet.

1008 5794 1066 5865 (il)
1077 5791 1189 5846 Rectius
1203 5809 1209 5845 ε
1226 5806 1268 5845 oc.
1519 5798 1527 5807 ’
