4000 6350
204 296 287 408 ΑῚιὶιιδ
803 334 984 394 odnrtlnnt
1003 322 1263 392 ctsrnitctthvsts
1813 339 1867 395 gqg

232 471 288 521 tam
304 459 386 520 saluti
399 456 564 521 necessaria,
580 453 739 508 memoriter
758 452 848 508 selant
862 461 889 508 et
904 451 1024 522 pruden·
1039 460 1061 516 ,ι
1076 449 1150 505 circo
1161 450 1189 504 in
1207 449 1331 506 diversas
1342 447 1450 519 species
1464 445 1681 520 distinguuntur.
1695 449 1791 510 Primo
1804 458 1868 528 qni·

232 565 274 612 ter
291 551 453 621 intelligant.
466 545 544 614 ered
558 543 668 614 quidem
681 551 804 614 ternpore
815 541 960 614 primitivae
972 541 1025 596 Ec·
1074 548 1136 604 dern
1147 549 1207 604 alise
1222 555 1288 604 sunt
1299 547 1436 611 carnales,
1452 546 1588 604 atterere
1600 547 1760 619 spirituales
1774 556 1869 625 appel·

232 649 322 704 clesiae
332 643 476 714 diligenter
491 652 523 693 ae
535 635 649 692 lideliter
658 635 866 701 observabatur,
884 651 1023 704 nuneau-
1075 640 1177 697 lantnr.
1192 639 1325 696 Caruales
1339 644 1405 694 sunt
1417 639 1483 704 illae,
1509 653 1572 709 quae
1598 655 1649 710 pro
1669 646 1869 715 temporalibus

243 755 285 796 em
302 735 408 792 incuria
428 731 600 803 praelatorum
616 727 686 784 sicut
699 727 830 798 pleraque
842 725 896 780 alla
914 725 942 780 in
958 739 1024 780 con·
1073 730 1262 797 effunduntur,
1279 730 1364 787 retusi
1381 745 1431 800 pro
1442 730 1557 802 penuma
1576 745 1669 788 rerum
1680 741 1867 805 terrenarum,

230 835 362 900 temptum
387 832 414 882 et
440 818 633 895 negligentiam
649 832 759 876 versum
774 826 835 874 est:
851 832 905 872 non
928 815 1025 887 ntique
1074 824 1228 895 proaliquo
1242 821 1564 894 corporlsiucommodo,
1583 826 1642 882 sire
1657 841 1709 898 pre
1723 827 1832 885 illatis
1824 845 1869 885 vn-

230 923 289 979 sine
303 919 426 992 periculo
440 931 553 981 eornm,
569 911 616 985 qui
632 921 662 968 ut
676 910 753 967 lieret
768 923 917 982 procurare
925 909 1024 965 dehne-
1071 914 1165 985 iuriis,
1196 922 1243 970 aut
1269 929 1320 987 pro
1345 915 1437 988 aliqua
1456 915 1616 986 hujusmodi
1642 933 1783 989 pressura.
1800 920 1869 990 Quos

231 1021 305 1070 runt.
329 1009 398 1066 lllnd
425 1014 500 1066 certe
522 992 635 1062 dubium
657 1017 712 1058 non
733 1011 786 1068 est,
811 994 884 1073 quod
898 989 1024 1056 Salvator
1072 1006 1321 1079 quidemeamales
1331 1007 1459 1080 lacryma
1482 1023 1540 1064 non
1555 1009 1668 1079 penitus
1688 1011 1870 1072 adoratione

230 1107 301 1184 hane
327 1101 424 1159 orandi
441 1099 567 1171 liguram,
596 1102 673 1152 tanto
698 1095 778 1151 nohis
799 1093 890 1150 studio
909 1093 1023 1149 minime
1072 1096 1198 1153 arcendae
1212 1105 1301 1154 sunt:
1319 1097 1451 1154 imoeum
1470 1098 1633 1170 valdeopus
1653 1100 1736 1158 luerit
1758 1104 1870 1175 proluis

229 1195 399 1261 tradidisset,
420 1194 475 1249 nisi
488 1191 667 1261 sciretquam
682 1187 718 1245 sit
733 1187 807 1242 utilis
827 1193 854 1242 et
872 1183 979 1253 eltieax,
994 1192 1022 1241 et
1072 1185 1201 1242 omnibus
1223 1195 1251 1242 et
1265 1185 1328 1243 aliis
1348 1186 1516 1257 hujusmodi,
1534 1203 1599 1243 euru
1621 1188 1868 1262 lacrymiseteor·

229 1286 263 1342 ad
280 1283 481 1356 impetrandum
496 1281 604 1336 idonea.
619 1277 738 1334 Noverat
750 1275 795 1332 ille
811 1281 932 1348 paterne
944 1291 1023 1332 men-
1071 1275 1115 1334 dis
1126 1277 1348 1348 compunctione,
1365 1277 1438 1336 Deus
1452 1285 1483 1334 ιιι
1491 1279 1597 1337 nostris
1605 1280 1751 1340 subvemat
1763 1299 1868 1342 aerum-

164 1377 167 1384 ’
229 1379 266 1436 tis
287 1375 429 1444 allectnm3
453 1373 553 1445 quihus
574 1371 710 1434 videlieet,
732 1367 875 1424 hominum
898 1367 971 1426 rous
993 1375 1022 1423 et
1072 1368 1127 1435 nis,
1138 1369 1280 1426 humrhter
1293 1364 1435 1443 rogandes
1444 1378 1498 1430 est
1515 1371 1570 1430 Sed
1584 1374 1645 1430 alia
1661 1385 1726 1432 sunt
1737 1377 1868 1450 lacryma

229 1470 359 1540 precihus
373 1467 407 1522 ad
421 1463 620 1522 exaudientium
632 1459 761 1515 facillime
771 1465 922 1514 moveatur.
934 1457 967 1512 lit
979 1458 1022 1514 id·
1072 1473 1142 1531 quas
1161 1460 1242 1518 nobis
1255 1462 1399 1519 orantibus
1417 1477 1451 1519 ae
1464 1465 1603 1537 praeeipne
1615 1467 1644 1523 iu
1657 1468 1709 1524 hac
1720 1471 1866 1528 excellenti

230 1561 306 1616 circu
328 1559 445 1631 qualiter
472 1571 536 1613 eum
565 1552 712 1609 convenire
743 1549 891 1606 debeamus
915 1550 1022 1605 curavit
1071 1549 1195 1607 oratione
1216 1565 1273 1607 non
1296 1553 1386 1610 solum
1410 1553 1508 1612 adesse
1529 1555 1603 1622 licet,
1634 1557 1791 1614 sedetiam
1815 1577 1868 1618 ne-

230 1652 375 1710 ostendere
390 1669 399 1707 r
415 1645 643 1721 quemadmodum
666 1642 765 1714 aliquis
792 1643 850 1714 regi
875 1641 1023 1700 dilectissi-
1072 1649 1217 1712 cesseest;
1232 1643 1372 1715 quasideo
1381 1645 1539 1717 spirituales
1547 1647 1785 1722 libuitappellare,
1797 1655 1866 1724 quia

230 1761 302 1808 mus,
319 1750 346 1799 et
358 1741 480 1798 onnrium
494 1755 520 1795 cr
531 1751 658 1794 conserus
669 1743 847 1800 secretorum
863 1740 891 1790 et
903 1751 949 1806 qur
959 1751 1020 1806 epus
1070 1730 1303 1803 virtuteSpiritus
1317 1736 1407 1790 sancti
1427 1735 1458 1792 in
1475 1736 1587 1794 homine
1609 1739 1776 1808 excitantur,
1791 1743 1867 1800 sieut

229 1831 341 1906 optime
358 1829 474 1912 noverit
488 1830 657 1902 qualitatem,
692 1826 775 1882 alium
804 1823 926 1898 ejusdem
947 1826 1020 1897 regis
1035 1793 1057 1848 B
1070 1823 1203 1894 scriptum
1216 1824 1276 1882 est
1268 1841 1297 1880 ιιι
1305 1824 1430 1883 Psalmo
1439 1825 1533 1885 ruso
1546 1830 1657 1899 spiritus
1669 1831 1738 1903 ep'ss,
1746 1841 1773 1888 et
1780 1835 1868 1904 fluent

230 1927 345 2000 gratiam
361 1905 506 1996 impetrare
521 1923 676 1996 cupientem
687 1919 817 1976 vntormat
840 1925 867 1973 et
887 1917 1017 1974 instruit:
1070 1913 1362 1990 mosterolenses).
1372 1917 1867 1994 llaeergolaergmaedlrersrsdesau

230 2017 286 2082 Sic,
299 2015 399 2085 inquit,
419 2021 444 2068 et
458 2013 496 2088 sie
513 2009 626 2082 loqueris
641 2008 675 2063 od
688 2021 770 2072 earn:
785 2006 828 2063 his
843 2005 1019 2064 tihivocibns
1069 2004 1289 2064 sistundisolent
1292 2008 1678 2084 ,prorecordationepeccati
1684 2029 1866 2087 procompss

229 2107 359 2163 rsterrdnrn
373 2111 426 2174 est,
450 2083 503 2160 hoe
525 2103 672 2162 verborum
687 2097 803 2156 artifieio
826 2097 905 2154 laeile
920 2100 1020 2170 poterit
1070 2095 1148 2152 sione
1160 2097 1289 2168 proximi,
1305 2114 1356 2170 pro
1370 2099 1491 2160 miserm
1500 2101 1583 2174 husus
1596 2104 1704 2173 muudi,
1713 2108 1867 2177 processi·

229 2199 347 2257 πομπῇ,
1070 2186 1211 2244 deratione
1218 2188 1335 2259 periculi
1350 2203 1399 2260 pro
1412 2191 1618 2263 dispensatione
1631 2195 1718 2252 divini
1725 2199 1865 2270 mysterii,

264 2293 328 2348 lianc
356 2291 438 2362 igitur
463 2287 606 2344 lierninica
634 2285 723 2341 oratio
751 2281 831 2338 nolis
854 2281 961 2356 semper
990 2283 1020 2338 in
1069 2291 1120 2348 ltro
1140 2279 1315 2348 bossionlbttt
1328 2280 1443 2348 Christi,
1472 2285 1674 2355 Ρῐθᾱθῦίιθιὶῠ
1687 2288 1777 2359 tottii·
1805 2288 1865 2347 11²⁸

228 2402 276 2442 ore
298 2385 351 2450 sit,
378 2397 487 2452 semper
508 2381 536 2434 in
563 2377 646 2434 corde
670 2382 813 2454 teneatur,
836 2369 905 2448 qnae
925 2389 1019 2431 saero-
1069 2383 1135 2441 ergo
1149 2366 1253 2440 septem
1269 2371 1376 2442 speeies
1390 2372 1576 2447 herrmarum
1589 2377 1758 2449 septiformis
1771 2381 1865 2452 grstia

229 2476 333 2534 sanetis
361 2472 462 2530 Christi
489 2469 569 2526 labiis
592 2479 816 2543 expressamque
834 2467 949 2524 lorrrrata
965 2472 1019 2522 est.
1071 2458 1190 2531 Spiritus
1200 2463 1341 2530 sesothes
1348 2478 1405 2521 uno
1418 2464 1493 2522 iente
1505 2466 1863 2541 prodeumes,inuirersos,

229 2566 296 2638 lluc·
316 2563 394 2619 nohis
419 2577 499 2616 mane
524 2557 698 2630 surgentibus
730 2559 819 2629 prima
844 2571 951 2628 semper
970 2569 1019 2610 oe·
1069 2559 1100 2606 ut
1117 2551 1156 2606 ιιι
1178 2552 1306 2619 dixerim,
1322 2555 1426 2612 rivulos
1447 2555 1618 2628 dispertitur.
1641 2559 1793 2634 haeryrnas
1810 2579 1864 2636 pro

229 2663 334 2721 currat,
361 2651 419 2707 haee
434 2666 485 2706 nos
499 2665 561 2704 sero
577 2647 610 2703 ad
625 2648 711 2705 lectos
729 2649 874 2706 redeuntes
890 2641 1017 2717 excipiat.
1069 2643 1261 2700 recordatione
1280 2647 1386 2716 peceati
1404 2649 1507 2704 excitat
1528 2651 1643 2722 spiritus
1662 2653 1782 2726 umoris,
1796 2673 1863 2716 cum

181 2773 184 2782 ·
229 2741 287 2798 liae
311 2757 362 2798 nos
387 2739 484 2796 taciem
500 2736 606 2792 homini
632 2737 659 2792 in
683 2737 856 2794 confessione
874 2749 945 2792 verse
959 2735 1020 2789 lau·
1068 2741 1198 2804 peccator
1212 2734 1303 2794 sciens
1316 2737 1444 2796 selteum
1455 2741 1576 2814 graviter
1589 2743 1747 2816 attendisse,
1757 2764 1793 2805 ae
1812 2767 1864 2822 per

231 2835 272 2891 'lis
289 2832 439 2905 praevenire
454 2829 624 2894 lestine'mus,
652 2828 704 2884 hae
721 2828 747 2884 ei
762 2830 896 2901 cogitatus
915 2835 942 2884 et
961 2842 1019 2885 ser·
1067 2823 1122 2880 hue
1144 2826 1309 2898 supplicium
1333 2829 1443 2898 timens,
1468 2832 1591 2906 conlugit
1613 2835 1648 2891 ad
1663 2837 1817 2910 lacrymam
1833 2849 1865 2896 et

229 2941 325 2982 mones
353 2931 379 2980 et
404 2937 485 2994 opera
511 2927 606 2977 nostra
631 2921 789 2978 studeamus
814 2918 1017 2977 commendare.
1068 2928 1141 2986 saepe
1159 2932 1216 2973 non
1229 2919 1318 2975 sotum
1335 2920 1454 2989 reniam,
1470 2923 1520 2980 sed
1541 2932 1570 2982 et
1589 2927 1685 2998 gratiae
1708 2930 1863 3001 spiritualis

228 3017 262 3072 lit
276 3017 345 3073 hene
358 3016 468 3088 quidem
483 3015 512 3070 in
522 3013 619 3069 ordine
632 3021 727 3070 nostro
740 3014 895 3071 institutum
913 3019 972 3079 est,
988 3018 1019 3068 ut
1069 3015 1243 3079 augmentum
1265 3018 1293 3067 et
1310 3019 1430 3068 meretur
1442 3019 1470 3070 et
1483 3015 1593 3086 aeelpit.
1615 3015 1696 3077 Tales
1715 3028 1796 3076 erant
1819 3022 1864 3078 ιι.

227 3110 320 3166 emnla
338 3118 392 3165 tarn
408 3107 462 3163 eliel
477 3121 558 3179 qnam
570 3105 661 3162 noctis
673 3105 774 3174 cilicia,
798 3105 939 3161 [lominica
949 3119 1054 3199 prae·c
1070 3115 1171 3172 emmas
1188 3103 1273 3170 illius,
1284 3104 1331 3176 qui
1345 3101 1453 3162 dicebat
1469 3126 1476 3162 :
1492 3105 1599 3164 Mento
1615 3125 1663 3181 per
1677 3112 1798 3185 stupet„
1810 3131 1863 3169 20.

228 3202 415 3267 cedatoratio,
438 3208 466 3255 et
488 3200 516 3254 in
541 3204 664 3269 tempora
678 3198 768 3253 omnia
782 3204 1018 3254 consummentur.
1071 3202 1125 3249 stes
1154 3196 1249 3250 tectum
1274 3214 1378 3264 meam,
1405 3199 1530 3272 lucrymis
1555 3204 1620 3258 ιιιοιι
1641 3213 1755 3261 stratum
1772 3225 1862 3263 mass

227 3294 345 3367 Dignum
362 3292 462 3364 qnippe
474 3298 527 3358 est,
542 3299 572 3346 ut
582 3292 628 3347 illa
639 3291 721 3347 verba
738 3290 772 3347 ad
791 3290 898 3346 laudem
916 3288 1020 3345 Christi
1070 3285 1163 3356 ripato
1176 3286 1265 3359 (Prot.
1277 3287 1329 3359 rr).
1346 3287 1493 3362 Laerymas
1512 3308 1562 3363 pro
1585 3295 1776 3365 compassione
1790 3314 1862 3369 pro·

227 3384 385 3456 lreqnenter
406 3392 506 3437 sonent
518 3382 547 3437 ιιι
562 3397 610 3438 ore
629 3388 742 3448 nostro,
768 3397 829 3453 qnae
853 3378 971 3451 primurn
984 3378 1020 3434 ad
1069 3373 1136 3430 rimi
1153 3384 1243 3432 movet
1263 3377 1376 3449 spiritns
1400 3380 1520 3449 pietatis,
1542 3383 1653 3452 quaudo
1673 3385 1717 3441 vel
1736 3389 1861 3457 peccatis

228 3475 412 3531 eruditionem
426 3467 549 3528 nostram
564 3473 592 3529 in
604 3488 652 3530 ore
668 3472 771 3529 Christi
788 3477 948 3529 sonuerunt.
965 3470 1019 3529 Sed
1069 3464 1112 3519 vel
1137 3467 1267 3523 aernrnnis
1293 3468 1481 3539 proximorum
1509 3472 1616 3543 pietatis
1640 3474 1739 3532 anesus
1760 3476 1860 3535 gemes

229 3575 256 3621 et
276 3580 338 3619 cnm
355 3562 436 3617 luerit
451 3570 645 3634 opportunum,
667 3568 714 3618 ant
732 3562 835 3617 erimus
855 3562 883 3617 in
899 3569 1017 3628 secreto,
1069 3560 1259 3629 cornpatimnr,
1272 3559 1350 3631 juxta
1371 3561 1438 3617 illud
1459 3562 1606 3635 Apostoli:
1624 3565 1703 3625 Ftere
1717 3586 1775 3625 eum
1789 3573 1861 3641 {ten-

229 3656 359 3713 accedere
378 3655 477 3711 dehent
490 3662 517 3710 et
528 3655 581 3709 alia
597 3662 698 3712 nostras
709 3652 862 3711 devotionis
873 3668 1027 3725 argumen-.
1068 3650 1138 3706 tibus
1153 3651 1240 3723 (Rom.
1255 3651 1317 3724 xrr).
1333 3651 1483 3726 Lacrymas
1501 3672 1551 3728 pro
1565 3660 1685 3717 miseriis
1704 3662 1787 3733 liujus
1804 3680 1861 3719 ιω.

228 3760 267 3819 ιι,
284 3750 365 3807 veluti
379 3763 496 3819 genuum
511 3746 652 3814 llexiones,
675 3756 702 3803 et
717 3747 851 3821 palmate,
864 3746 943 3803 idest
954 3752 1018 3801 tun·
1067 3743 1122 3798 culi
1133 3751 1224 3799 moret
1234 3744 1347 3813 spiritus
1358 3746 1488 3813 scientie,
1501 3764 1563 3819 qum
1575 3756 1682 3806 tantum
1696 3751 1860 3811 deterreris

227 3846 319 3901 slones
334 3840 473 3914 pectoris;
500 3847 526 3895 et
541 3840 661 3910 eopiosa,
691 3838 714 3895 si
731 3838 789 3895 lieri
803 3845 911 3911 potest,
928 3837 1018 3906 lacry·
1066 3842 1127 3903 est,
1142 3836 1252 3910 qnando
1265 3836 1473 3895 considerantes
1486 3838 1514 3893 in
1528 3839 1581 3895 hoc
1596 3842 1700 3898 mundo
1713 3844 1781 3899 nibil
1793 3860 1860 3903 esse

226 3950 333 3991 unarum
346 3932 454 3989 effusio.
477 3928 541 3986 llaec
558 3929 673 3985 forsitan
691 3929 772 3984 alicui
792 3944 962 4000 supervacua
975 3929 1017 3985 vi·
1066 3926 1120 3985 nisi
1148 3934 1291 3999 peccatum
1315 3934 1343 3983 et
1374 3927 1531 3994 miseriam,
1556 3946 1608 3986 nee
1636 3933 1703 3989 sosio
1729 3934 1797 3990 cersi
1818 3936 1860 3992 dg

226 4028 366 4093 derentur,
387 4026 411 4082 si
428 4040 483 4081 non
499 4031 691 4079 essentsacrae
706 4020 854 4093 Scripturas
872 4022 1016 4077 autetiam
1065 4018 1187 4084 eternis,
1208 4016 1353 4073 delinimus
1375 4016 1403 4071 in
1428 4018 1573 4090 hemmae,
1592 4022 1763 4081 attendentes
1786 4026 1859 4082 illud

216 4118 314 4185 ,insius
339 4113 489 4172 Salvatoris
506 4114 669 4170 auctoritate
690 4114 849 4185 approbata.
875 4112 921 4168 nit
941 4112 1014 4168 enim
1065 4108 1189 4180 Apostoli
1206 4128 1213 4165 ι
1230 4108 1330 4172 latetis
1352 4126 1398 4180 epo
1422 4110 1510 4178 ιιιιιο,
1526 4113 1584 4181 quis
1609 4130 1650 4169 me
1672 4115 1795 4173 tiberebit
1820 4104 1858 4175 sie

225 4207 359 4263 Dominus
375 4206 434 4277 ipse
445 4207 474 4261 ιιι
490 4204 636 4277 Evangelio
651 4222 657 4258 :
674 4205 755 4261 Stena
772 4207 876 4278 otoape
895 4205 1016 4277 publico·
1065 4214 1173 4269 cerpore
1184 4200 1276 4278 mortis
1287 4200 1386 4271 brejas!
1398 4200 1484 4273 (Rom.
1497 4202 1560 4276 ιιι.)
1573 4203 1606 4260 Et
1616 4205 1645 4261 in
1653 4204 1780 4266 Psalmo:
1794 4210 1858 4266 iles

226 4316 276 4355 nss
285 4298 448 4368 percutiebat
459 4306 548 4367 peetus
561 4313 648 4364 suum,
660 4296 748 4352 dicens
766 4313 773 4349 :
792 4296 874 4365 Deus,
885 4296 1014 4368 propitius
1065 4288 1147 4344 mitt!
1166 4291 1230 4361 quio
1260 4292 1391 4347 insolutus
1417 4310 1490 4348 mess
1511 4296 1684 4367 prolongetur
1703 4309 1743 4355 est
1763 4300 1856 4373 (Prot.

225 4400 282 4447 ests
297 4390 361 4444 aiibi
382 4387 694 4461 prosternatione).
716 4388 784 4444 item
809 4387 940 4443 hominus
966 4401 1016 4459 per
1065 4381 1150 4454 cxlx).
1173 4380 1321 4455 lacrymas
1333 4400 1383 4455 pro
1397 4386 1617 4443 consideratione
1630 4390 1744 4460 periculi
1765 4392 1858 4452 fundat

225 4480 386 4554 prophetam
404 4478 611 4535 ,Conrertimr‘ni
625 4478 660 4533 od
671 4496 711 4534 me
729 4480 757 4533 in
773 4488 826 4534 toto
840 4479 918 4534 corde
928 4488 1013 4534 uestro
1029 4484 1051 4539 n
1065 4473 1158 4540 homo,
1170 4474 1279 4546 quando
1292 4476 1388 4533 videns
1403 4493 1435 4534 se
1447 4486 1488 4535 tot
1506 4481 1636 4549 periculis
1656 4484 1777 4557 undique
1795 4486 1857 4541 eir..

225 4574 254 4629 irs
261 4570 364 4642 jejunio
378 4577 402 4624 et
414 4568 478 4638 pero
487 4577 512 4622 et
520 4567 639 4639 planeto,
653 4577 677 4622 et
694 4567 806 4623 scindite
824 4568 1013 4639 cordavestra,
1065 4572 1237 4635 eumseptnm
1258 4573 1289 4621 nt
1303 4568 1346 4621 vix
1367 4582 1462 4624 casrrrn
1483 4578 1566 4640 queat
1588 4571 1716 4645 effugere,
1736 4584 1810 4635 tosus
1823 4579 1857 4634 in

225 4672 251 4720 et
265 4679 317 4719 nen
332 4662 485 4717 restirrsento
504 4668 590 4714 restro
601 4656 672 4731 (Joet
695 4657 737 4730 ιι).
755 4656 808 4714 Sed
824 4665 850 4714 et
865 4657 1014 4729 Apostolus
1065 4656 1168 4711 luctum
1181 4664 1210 4713 et
1222 4658 1357 4729 lacrymas
1371 4660 1552 4720 contabescit.
1566 4662 1615 4721 llis
1633 4649 1761 4739 lacrymis
1775 4672 1857 4727 anese

224 4758 253 4812 in
268 4754 386 4827 quodam
401 4754 460 4809 loco
470 4751 510 4807 sie
520 4751 558 4805 ιιι
574 4770 580 4805 :
597 4748 683 4819 Hujus
695 4750 733 4803 rei
741 4750 829 4821 pretio
838 4750 914 4818 ilecto
929 4768 1014 4822 pennu
1065 4744 1178 4815 spiritns
1190 4744 1369 4812 tortitudinis,
1385 4747 1543 4805 contortans
1561 4766 1624 4806 eum
1639 4762 1666 4809 et
1688 4754 1855 4826 admonens,

225 4864 284 4903 ntea
309 4846 344 4901 od
361 4846 470 4901 Patrem
484 4840 592 4899 Homini
603 4840 687 4896 nostri
706 4839 771 4896 Jesa
791 4840 890 4897 Christi
904 4842 1011 4915 (Epiros,
1063 4835 1191 4905 qnoniam
1212 4835 1257 4905 qai
1273 4836 1404 4891 seminent
1424 4838 1452 4891 irs
1471 4836 1608 4909 tocrprms,
1628 4843 1656 4896 in
1676 4846 1857 4903 assultatione

224 4938 280 5011 ιιι),
293 4948 321 4995 et
334 4947 432 4995 cetera
446 4938 681 5008 qrraeseqnnntnr.
711 4930 741 4987 ln
761 4932 879 5003 ge'nuum
896 4932 1012 4992 flexione
1062 4932 1160 4979 metent
1181 4922 1269 4996 (Prot.
1291 4925 1382 4997 cxxv).
1404 4924 1551 5002 hacrymas
1574 4947 1623 5000 pre
1648 4932 1858 5003 dispensatione

223 5034 335 5085 notatur
350 5024 620 5091 orantishumilitas;
634 5021 744 5094 qnando
758 5028 953 5095 totnmcorpus
963 5024 1012 5080 ιιιι-
1062 5016 1147 5072 dirimi
1160 5017 1283 5088 mysterii
1295 5017 1393 5074 suadet
1417 5019 1531 5089 spiritns
1555 5022 1683 5087 consiliii,
1698 5039 1747 5095 per
1767 5042 1856 5097 quem

223 5120 344 5184 mittans,
374 5118 472 5175 divinae
501 5131 561 5173 sese
585 5114 697 5185 subjicit
724 5113 870 5185 majestati.
900 5114 929 5170 ln
946 5122 1011 5171 tun.
1061 5105 1269 5163 considerantes
1282 5108 1403 5163 divinam
1416 5123 1481 5180 erga
1499 5125 1551 5167 nes
1572 5111 1720 5169 bonitatem
1735 5117 1858 5171 etordi-

222 5214 301 5271 sione
323 5228 388 5267 vero
411 5210 530 5283 pectoris
548 5206 601 5262 sibi
616 5204 667 5275 ipsi
690 5213 817 5276 peccator
831 5205 968 5271 irascitur,
982 5214 1010 5262 et
1060 5215 1124 5256 nem
1136 5207 1238 5257 nostrae
1249 5200 1455 5271 redemptionis,
1470 5210 1497 5257 et
1511 5202 1639 5261 timentes
1652 5219 1687 5261 ne
1704 5208 1788 5263 tantis
1802 5207 1856 5265 liei

221 5302 405 5358 invindictam
421 5296 486 5354 ntuli
495 5294 642 5368 perpetrati
663 5294 756 5348 eadem
773 5309 854 5349 nrann
867 5308 915 5349 eor
929 5308 1010 5349 sunm
1060 5291 1201 5349 beneflciis
1222 5290 1379 5362 ingratius
1396 5306 1444 5362 per
1463 5292 1515 5348 hoc
1530 5293 1635 5366 indigni
1656 5298 1827 5367 reperiamur
1845 5318 1853 5351 :

225 5394 315 5449 tundit
331 5390 515 5453 obverberat,
541 5400 594 5457 qua
613 5398 742 5455 perversa
760 5384 888 5457 cogitatio
900 5400 934 5441 ex
949 5385 1010 5455 ipso
1048 5398 1095 5440 >es
1109 5383 1195 5438 multa
1207 5382 1353 5438 devotione
1368 5383 1502 5440 solvimur
1511 5385 1540 5440 in
1550 5385 1696 5458 lacrymas,
1707 5390 1857 5445 nomades..

220 5485 303 5541 eerde
325 5483 495 5555 procedens,
515 5478 543 5532 ιιι
562 5474 664 5531 exitum
689 5476 765 5545 pravi
796 5476 887 5547 operis
915 5477 1009 5531 tradu-
1060 5483 1102 5530 tes
1120 5474 1188 5528 illud
1207 5474 1331 5545 Apostoli
1346 5491 1352 5526 :
1368 5474 1482 5546 Propter
1498 5478 1608 5532 niarium
1624 5478 1782 5535 charitatem
1796 5498 1855 5552 qua

220 5585 264 5633 cta
280 5586 333 5633 est.
797 5574 799 5579 '
1059 5565 1371 5631 deteriorationem.
1386 5566 1493 5640 (Epiros.
1507 5570 1552 5642 ιι.)
1562 5569 1712 5644 Laerymas
1722 5588 1771 5643 pro
1785 5589 1856 5644 pag.

486 5654 741 5715 cnevrubhttlv.
1059 5656 1184 5713 sionibus
1205 5656 1309 5713 Christi
1330 5657 1406 5714 elien
1428 5659 1543 5731 spiritus
1563 5663 1720 5721 intellectus
1745 5665 1793 5736 qul
1814 5664 1856 5722 de

256 5752 448 5818 lacrymarum
466 5760 557 5807 autem
575 5750 883 5819 diversoesunteanste3
911 5759 938 5806 et
963 5750 1007 5806 ιιι-
1060 5750 1187 5822 supernis
1211 5757 1263 5818 est,
1285 5764 1333 5821 per
1354 5765 1436 5821 quem
1455 5751 1643 5830 intelligentes
1674 5753 1733 5829 liei
1749 5752 1855 5811 libum
