4000 6350
110 381 166 444 m
624 367 1206 432 msroaracarrnauauurscr.
1654 377 1744 440 aaa

109 502 158 558 lm
172 497 313 562 “auom
338 500 366 550 et
387 490 523 565 plurimos
538 487 573 548 ad
591 488 714 546 eamdem
731 489 834 546 ggfpsg
850 489 902 546 mi.
916 503 943 564 Δ·
955 499 1073 559 paupere
1084 488 1243 558 partiretur,
1256 486 1297 544 sic
1312 495 1340 544 et
1353 487 1406 546 isto
1419 487 1454 546 de
1466 487 1511 546 bis
1523 477 1636 561 guarel
1647 504 1743 549 mcum

109 591 197 647 litium
211 588 400 646 convertebat.
416 583 524 654 Quibus
538 581 621 638 ctiam
646 581 714 637 illud
730 581 839 637 curabit
858 581 902 637 in·
951 579 1061 646 detulit,
1087 579 1130 635 fel
1154 587 1260 650 li⁰⁸¹0³2
1288 583 1394 638 '⁰¹²¹“0
1415 581 1482 648 ⁰⁰⁰¹
1498 584 1611 654 ⁰⁰P5⁰⁶⁰
1626 583 1744 656 mm

106 686 234 754 jungere,
250 685 281 738 ut
297 679 347 752 qui
361 682 486 752 possent,
499 672 612 746 praelixo
626 679 749 744 tempore
761 673 795 728 ad
809 671 900 728 locum
951 679 1005 737 est,
1021 671 1207 743 indigentibus
1221 673 1304 728 sociis
1317 673 1406 746 largas
1420 675 1563 732 distribuit
1576 677 1739 746 portiones:

108 773 272 846 pmictum
287 772 351 830 aliis
366 775 555 834 occurrerent,
580 765 698 822 cumeis
719 764 821 837 pariter
836 777 901 834 pro·
951 763 1020 820 adeo
1035 771 1067 818 ut
1080 763 1108 818 in
1126 763 1233 843 duobus
1251 763 1348 821 diebus
1373 763 1481 822 centurn
1505 767 1603 838 viginti
1632 785 1741 829 marcas

107 862 221 920 lecturi.
245 862 300 930 Qui
323 874 389 917 uero
414 863 525 930 propter
547 853 681 925 temporis
706 853 859 924 angustiam
884 867 900 907 a
951 852 1077 909 inutiles
1094 868 1162 909 usus
1186 853 1336 910 liberaliter
1358 864 1494 925 erogaret,
1515 865 1543 913 et
1558 858 1587 914 in
1601 860 1682 916 tertia
1696 863 1742 920 die

106 955 229 1028 „0302115
245 955 304 1011 guig
318 949 439 1024 expediri
454 963 509 1002 non
521 954 645 1018 possent,
661 960 743 1018 quam
758 943 900 1000 celerrime
951 944 1124 1016 septuaginta
1140 960 1248 1002 marcas
1262 945 1380 1016 argenti.
1392 944 1513 1002 Tertium
1526 957 1579 1016 est,
1594 953 1668 1023 quod
1683 954 1741 1010 sic-

105 1045 169 1103 pffl
185 1047 285 1119 pomp,
299 1045 367 1100 2110.
381 1045 570 1114 sequerentur.
586 1036 720 1108 Tempore
733 1042 824 1092 antem
836 1049 900 1106 pro-
952 1041 981 1087 ut
995 1033 1042 1091 ille
1064 1033 1098 1090 de
1117 1035 1252 1091 rnonacbo
1273 1036 1362 1092 factus
1380 1036 1525 1109 episcopus
1540 1039 1569 1096 in
1583 1057 1634 1098 sua
1648 1054 1741 1104 tamen

106 1135 240 1192 fectionis
255 1134 313 1204 jam
337 1131 446 1196 vicino,
472 1127 622 1192 Martinus,
648 1125 712 1182 licet
736 1123 899 1191 auctoritate
950 1127 1120 1198 paupertatis
1144 1126 1299 1184 humilitate
1322 1129 1442 1200 seipsum
1464 1145 1572 1202 semper
1593 1137 1740 1208 continuit,

106 1226 277 1302 pontificalis
302 1221 426 1280 mandati
451 1227 529 1276 tutus
551 1225 641 1284 essct,
670 1215 784 1289 cupiens
808 1225 898 1270 tamen
949 1217 990 1274 sic
1015 1225 1041 1273 et
1064 1218 1126 1286 istc,
1145 1220 1217 1276 sicut
1234 1221 1313 1276 nobis
1328 1224 1482 1282 certissime
1496 1240 1668 1298 compertum
1684 1241 1738 1302 est,

106 1327 213 1374 sanctae
226 1313 393 1388 professioni
408 1327 465 1370 suae
483 1309 664 1366 reverentiam
679 1307 817 1372 exhibere,
837 1305 899 1361 lon·
950 1323 1013 1363 cum
1030 1320 1123 1380 posset
1144 1311 1188 1366 vel
1210 1311 1408 1383 episcopatum,
1424 1316 1467 1372 vel
1480 1332 1550 1388 quas
1574 1317 1660 1378 rebe(
1668 1325 1739 1383 alias

106 1419 164 1466 tem
185 1409 270 1464 totius
289 1405 398 1464 ordinis
411 1403 571 1462 cistertium
587 1401 663 1468 adiit,
681 1398 774 1470 ibique
789 1398 822 1454 ab
838 1398 898 1469 ipso
948 1398 1153 1457 ecclesiasticas
1177 1401 1336 1474 dignitates,
1362 1403 1418 1460 imo
1439 1412 1467 1461 et
1490 1405 1653 1468 immensam
1677 1414 1739 1470 auri

105 1502 162 1560 loci
175 1498 299 1572 ejusdem
313 1497 425 1566 abbate,
439 1497 556 1568 aliisque
572 1492 718 1566 praecipuis
732 1490 897 1563 quibusdam
948 1491 1109 1561 argentique
1133 1493 1290 1562 pecuniam,
1305 1496 1445 1553 nonnullis
1470 1502 1642 1571 mantibus,
1658 1520 1739 1562 acce·

106 1592 265 1656 abbatibus,
280 1588 509 1662 peregrinationis
530 1587 640 1643 licentia
661 1592 689 1642 et
708 1583 897 1642 benedictione
947 1579 1041 1654 pisse,
1067 1595 1160 1641 amore
1188 1591 1279 1644 tamen
1300 1589 1407 1646 ordinis
1430 1595 1591 1651 monasterii
1617 1597 1671 1662 sui,
1691 1600 1737 1656 cui

107 1689 233 1754 accepta,
248 1679 285 1738 ad
300 1679 500 1736 monasterium
521 1692 603 1738 suum
622 1690 749 1733 reversus
771 1681 823 1731 est.
844 1671 909 1738 libi,
947 1669 1020 1730 bens
1035 1674 1200 1746 peripsum,
1216 1685 1244 1734 et
1257 1680 1317 1750 ipse
1333 1697 1383 1754 per
1404 1682 1452 1741 bet
1473 1688 1590 1758 gratiam
1605 1690 1738 1748 solemni·

106 1775 190 1830 etiam
205 1771 321 1828 fratrum
337 1783 452 1826 suorum
471 1765 686 1825 secretionibus
699 1763 896 1820 commendans
948 1769 990 1818 ter
1005 1764 1165 1823 benefacere
1187 1769 1355 1842 cogitabant,
1381 1773 1473 1830 oblata
1496 1778 1612 1848 respuit,
1636 1790 1663 1837 et
1684 1797 1735 1839 ex-

105 1869 304 1920 eteosmutua
321 1859 458 1918 charitate
482 1859 580 1916 diuinae
600 1857 694 1934 pietati
709 1855 894 1922 committens,
911 1845 1019 1925 Bpleta
1045 1858 1265 1929 peregrinatione
1290 1861 1326 1917 ad
1349 1862 1464 1931 fratres,
1496 1883 1601 1940 pauper
1624 1871 1736 1943 quidem

104 1955 242 2012 Basileam
269 1952 365 2026 μιῑῑι,
390 1951 439 2008 ubi
464 1950 523 2022 jam
550 1951 720 2021 signatorum
749 1943 896 2001 multitudo
947 1946 1058 2017 spiritu,
1072 1949 1121 2005 sed
1137 1951 1256 2009 ccelesiis
1271 1953 1392 2011 thesauri
1402 1959 1534 2029 operibus
1546 1959 1624 2018 dives
1636 1971 1664 2019 et
1676 1965 1737 2034 ple-

104 2062 208 2122 magna
224 2052 400 2114 conuenerat,
423 2059 440 2100 a
465 2043 565 2116 quibus
587 2041 728 2098 laetissime
751 2048 895 2110 susceptus
946 2053 1000 2094 nus
1017 2053 1146 2116 reuersus
1163 2050 1218 2101 est.
1237 2042 1307 2100 Sunt
1330 2047 1384 2101 alia
1406 2047 1479 2106 forte
1499 2047 1578 2121 plura
1591 2069 1653 2124 pue
1666 2068 1735 2126 pos-

104 2147 161 2196 est.
181 2137 222 2194 lbi
246 2153 354 2210 quoque
371 2127 497 2194 sermone
516 2133 715 2192 exhortationis
730 2129 833 2198 babitu,
849 2147 895 2188 se·
946 2138 1008 2185 sent
1022 2130 1049 2186 in
1064 2139 1182 2204 utroque
1197 2133 1313 2192 ltartino
1333 2138 1417 2196 unius
1437 2141 1473 2197 ad
1493 2143 1613 2200 alterurn
1634 2146 1735 2202 similit

104 2231 200 2302 insum
213 2239 241 2288 et
255 2230 346 2288 socios
360 2230 445 2286 beate
458 2226 563 2300 Virgini
578 2223 791 2292 commendarit,
806 2223 896 2280 humi·
945 2221 1071 2293 reperiri,
1096 2224 1151 2281 nisi
1176 2223 1248 2282 forte
1269 2228 1361 2286 minus
1384 2232 1483 2290 idoneo
1500 2235 1597 2292 lectori
1611 2239 1654 2295 rel
1669 2253 1736 2295 san·

104 2322 172 2378 1110„
186 2336 287 2392 rogans
312 2329 342 2377 ιιι
369 2321 428 2392 ipsa
452 2319 519 2376 Filio
541 2332 592 2375 suo
615 2332 716 2374 norum
736 2317 895 2373 conciliaret
945 2315 1098 2372 ctissimum
1114 2317 1300 2374 confessorem
1313 2323 1397 2380 nimis
1410 2325 1574 2397 deprimere,
1589 2331 1633 2386 rei
1647 2331 1735 2390 bone·

104 2414 273 2470 exercitum·
290 2411 387 2470 pom
404 2411 557 2468 valedicens
572 2410 802 2482 cleruetpopulo
820 2409 896 2479 ejus.
946 2413 1017 2460 stum
1042 2408 1132 2462 nimm
1164 2425 1246 2481 quern
1270 2411 1389 2468 dicimus
1419 2419 1544 2477 attollere
1566 2423 1732 2482 videremur.

103 2503 170 2560 gem
184 2504 315 2570 eppinus,
329 2520 345 2558 ῃ
360 2503 460 2575 quipus
474 2503 622 2574 plurimum
643 2491 816 2574 diligebatur,
832 2501 894 2556 laeto
945 2491 1118 2569 Quapropter
1134 2508 1282 2572 utrumque
1295 2501 1387 2558 debito
1403 2505 1457 2563 fine
1470 2509 1585 2568 honoris
1606 2515 1732 2571 uenerari

102 2593 187 2650 vultu
200 2602 228 2650 eg
244 2601 334 2652 meme
356 2594 492 2665 impavida
509 2600 611 2650 sauppe
624 2593 803 2664 „memnonis
817 2591 895 2648 pape·
944 2599 995 2642 nos
1019 2589 1165 2660 condecet;
1190 2592 1237 2647 sed
1260 2592 1338 2648 illum
1362 2599 1472 2668 quidem
1496 2603 1571 2659 refut
1586 2607 1733 2665 sanctissi-

102 2701 164 2742 rem
179 2702 241 2742 cum
253 2687 335 2744 sociis
349 2701 498 2757 aggressus
512 2693 565 2742 est.
581 2683 641 2752 Qua
656 2701 688 2740 ex
703 2701 732 2740 rc
748 2684 813 2740 iliud
828 2700 894 2740 eon.
944 2689 1017 2731 mam
1030 2679 1160 2748 animam,
1172 2680 1230 2749 J'aru
1254 2679 1388 2740 fruentem
1403 2693 1543 2758 consortio
1555 2695 1732 2766 angelorum:

100 2777 189 2852 ΞΜ
205 2778 518 2850 Ροῧυωωοωίῃθω
541 2775 590 2833 neg
614 2775 785 2846 „gscjoqffid
803 2777 892 2847 magni
944 2766 1018 2824 bunc
1035 2785 1102 2826 vero
1125 2779 1256 2845 tarrquam
1272 2781 1435 2848 prudentem
1470 2783 1558 2840 virum
1590 2787 1681 2843 adbuc
1702 2791 1732 2846 in

100 2869 161 2940 iam
175 2876 241 2925 tunc
254 2869 282 2924 i„
296 2868 388 2924 animo
402 2866 572 2946 mmm,
588 2874 686 2938 0241„ae
701 2865 772 2922 peu,
784 2881 833 2938 per
850 2867 893 2936 pp.
943 2871 1026 2915 carne
1043 2871 1177 2934 agentern,
1189 2867 1235 2935 qui
1249 2874 1277 2922 et
1288 2868 1346 2940 jam
1362 2871 1433 2942 apud
1453 2871 1538 2929 beum
1560 2885 1588 2932 et
1609 2877 1734 2938 bonrinos

102 2977 167 3018 sum
182 2960 305 3018 mmm
319 2967 389 3028 em,
413 2964 489 3016 wgo
505 2959 564 3031 jam
579 2959 678 3016 menn,
693 2959 807 3032 augurio
822 2972 893 3030 pm.
943 2951 1033 3021 oragni
1049 2954 1140 3009 meriti
1155 2957 1317 3029 aestimatur,
1328 2968 1355 3016 et
1368 2965 1542 3033 postmodum
1557 2969 1630 3038 apud
1643 2981 1735 3028 utros·

102 3053 204 3124 sagire·
313 3085 318 3096 ¹
942 3055 995 3112 que
1019 3043 1158 3116 amplioris
1181 3049 1275 3119 gratias
1295 3065 1344 3121 per
1358 3052 1404 3108 bet
1420 3057 1534 3126 gratiam
1553 3057 1662 3117 loturus
1684 3064 1731 3120 sit.
1799 3058 1803 3068 '

102 3180 106 3189 .
138 3133 169 3201 εἷ,
188 3142 331 3202 Profectus
346 3144 439 3215 itaque
453 3142 487 3201 de
509 3142 620 3200 civitate
640 3139 746 3198 Basilea
770 3139 892 3211 signate-
943 3127 996 3188 Sed
1013 3149 1101 3207 neque
1124 3137 1191 3194 iliud
1214 3140 1349 3198 silendum
1370 3147 1519 3215 eredimus,
1534 3151 1599 3221 quia
1614 3152 1641 3207 in
1657 3154 1731 3213 itlius

102 3251 167 3291 rum
188 3237 336 3302 exercitus,
351 3236 455 3291 relictis
467 3235 539 3299 aliis,
555 3242 668 3291 stratam
686 3232 760 3287 illam
775 3230 891 3301 arripuit
904 3203 927 3267 c
942 3226 1032 3281 sancti
1058 3226 1168 3285 llartini
1193 3247 1273 3290 sacro
1294 3236 1418 3293 natalitio
1441 3240 1494 3295 iste
1515 3238 1650 3301 llartinus
1676 3260 1728 3298 na·

101 3344 166 3399 quae
187 3342 236 3400 per
254 3332 387 3400 angustos
405 3326 573 3383 'tridentina
588 3326 666 3383 rallis
683 3323 824 3379 anfractus
837 3319 891 3378 lle·
941 3322 985 3373 lus
1007 3324 1050 3374 est
1072 3318 1099 3373 ln
1124 3321 1267 3380 mundum.
1284 3324 1319 3381 lit
1342 3326 1405 3383 ideo
1426 3326 1560 3384 llartinus
1577 3332 1729 3402 appellatus

101 3434 201 3475 ronam
213 3419 298 3484 ducit,
312 3419 414 3476 minori
428 3418 538 3490 quidem
553 3416 647 3473 labore
660 3423 687 3472 et
701 3413 800 3485 majori
814 3428 890 3470 com·
940 3415 992 3475 esi,
1014 3416 1068 3467 θῑθ·

101 3513 216 3582 pcadio.
239 3508 305 3565 Erat
329 3516 420 3566 autem
444 3516 501 3564 tam
520 3508 595 3564 clara
618 3514 645 3565 et
671 3505 787 3563 celebris
811 3504 890 3561 famae
975 3504 1004 3559 6.
1023 3501 1171 3563 Venientes
1193 3507 1287 3580 itaque
1309 3508 1447 3567 Veronam
1471 3512 1575 3571 milites
1587 3514 1728 3585 peregrini

101 3614 275 3671 praeurrem
296 3599 399 3677 opinio,
423 3605 453 3655 ut
468 3613 523 3655 non
538 3598 627 3655 solum
652 3594 680 3651 bi
704 3612 752 3669 per
766 3612 835 3667 quos
849 3595 889 3653 eis
940 3611 1003 3653 cum
1016 3598 1087 3655 duce
1102 3615 1166 3667 suo,
1179 3606 1235 3657 tam
1251 3618 1267 3657 a
1282 3604 1383 3675 populo
1397 3606 1517 3663 civitatis
1531 3622 1613 3679 guam
1626 3608 1663 3664 ab
1676 3609 1730 3664 alia

101 3691 239 3751 emersus
253 3697 323 3757 erar,
341 3689 530 3763 verumetiam
545 3687 579 3743 de
591 3686 664 3743 villis
679 3693 706 3745 et
720 3686 827 3759 oppidis
842 3700 890 3742 ca·
940 3690 1116 3748 multitudiue
1131 3693 1250 3749 maxima
1274 3696 1456 3769 signatorum,
1476 3714 1538 3770 quae
1556 3699 1618 3756 illos
1635 3699 1670 3757 do
1687 3701 1731 3758 di·

101 3784 231 3841 unuin
244 3789 432 3847 occurrerent,
448 3786 476 3837 et
489 3794 538 3837 eos
549 3779 636 3835 multo
650 3776 743 3835 lavore
760 3788 786 3835 et
800 3781 889 3851 gratia
939 3781 1028 3838 uersis
1043 3784 1137 3838 mundi
1152 3784 1276 3855 partibus
1288 3786 1323 3841 ad
1334 3787 1462 3845 eumdem
1478 3791 1568 3846 locum
1586 3806 1727 3862 prevene-

99 3874 299 3945 soscipientes,
316 3872 402 3929 victui
420 3868 576 3929 necessaria
598 3868 684 3941 justis
702 3868 798 3941 pretiis
812 3870 890 3927 exbi·
939 3876 992 3934 rat,
1012 3870 1153 3928 letissime
1176 3875 1297 3945 suscepti
1313 3884 1388 3932 sunt.
1410 3875 1479 3931 llam
1494 3886 1522 3934 et
1543 3880 1632 3952 ipsius
1650 3882 1727 3938 urbis
1814 3925 1817 3932 .

99 3968 209 4023 bment.
224 3964 371 4021 llartinum
381 3978 446 4019 vcro
460 3960 597 4035 precipue
611 3960 793 4029 mirabantur,
815 3962 889 4033 quod
939 3958 1085 4031 episcopus
1101 3959 1249 4017 llartinum
1261 3964 1290 4018 in
1307 3964 1419 4021 domum
1432 3967 1531 4023 deuote
1546 3982 1579 4024 ae
1597 3984 1728 4027 reueren-

98 4056 185 4113 bomo
200 4054 321 4126 religiosi
335 4052 446 4111 babitus
459 4059 487 4111 et
499 4054 563 4108 vitae
575 4052 721 4108 admodum
736 4050 888 4123 spiritualis
940 4054 982 4105 ter
1002 4053 1163 4122 assumpsit,
1190 4053 1271 4124 eique
1293 4069 1343 4125 per
1367 4064 1430 4111 octo
1456 4055 1514 4113 fere
1539 4058 1726 4119 hebdomadas

100 4154 241 4219 armatum
252 4146 379 4201 ductaret
393 4143 556 4223 exercitum,
571 4157 655 4213 seque
668 4143 758 4213 ipsum
771 4144 838 4199 tanti
852 4144 890 4199 la·
939 4148 1065 4213 sumptus
1078 4153 1105 4199 et
1115 4144 1277 4215 obsequium
1289 4145 1421 4203 benevole
1434 4148 1611 4225 ministrarit.
1625 4150 1727 4210 Postea
1749 4197 1752 4204 ,

101 4238 179 4295 boris
193 4236 282 4293 officio
297 4242 354 4291 tam
367 4242 480 4291 strenue
493 4238 643 4305 coaptaret.
657 4230 735 4289 Unde
747 4239 774 4288 et
788 4248 888 4291 nomeu
939 4232 1112 4293 discedentes
1132 4234 1276 4293 Venetiam
1296 4239 1447 4310 petierunt;
1464 4240 1502 4296 ibi
1522 4257 1607 4300 nares
1622 4244 1727 4305 intrare

98 4330 162 4399 eius
177 4328 249 4385 inter
264 4342 295 4385 se
312 4326 490 4385 celeberrime
500 4323 716 4397 frequentantes,
731 4331 794 4396 post
811 4324 887 4381 illum
939 4322 1126 4394 decreverant,
1141 4332 1170 4383 et
1182 4326 1246 4383 inde
1260 4342 1356 4385 versus
1370 4326 1573 4396 Alexandriam,
1586 4330 1726 4389 civitatem

98 4419 301 4485 Turonensem,
315 4419 364 4490 qui
379 4418 407 4473 in
421 4424 579 4474 amoturum
603 4414 793 4472 confessorum
812 4422 888 4473 cata-
939 4410 1465 4490 AEgyptiam,rectoirnpetunavigare;
1484 4430 1630 4491 propterea
1650 4422 1726 4493 quod

98 4508 162 4581 logo
179 4508 237 4565 iore
252 4508 357 4581 primus
373 4515 456 4579 atque
474 4507 630 4579 precipuus
644 4513 697 4571 est,
714 4504 832 4577 quadam
846 4503 887 4561 si·
938 4508 1061 4574 tempore
1077 4505 1125 4561 ilio
1135 4505 1164 4560 in
1175 4506 1301 4577 partibus
1313 4509 1507 4568 transmarinis
1527 4509 1600 4567 inter
1614 4519 1726 4573 neuros

97 4599 265 4657 militudinis
286 4598 403 4663 ratione,
426 4595 573 4653 llartinum
591 4595 665 4651 bunc
680 4596 797 4651 alterum
814 4592 887 4651 roci·
937 4603 964 4652 et
983 4597 1117 4655 barbaros
1138 4596 1256 4655 inducie
1283 4599 1360 4670 pacis
1384 4608 1479 4668 eraut,
1505 4617 1576 4673 rpuas
1597 4606 1725 4674 nostris,

97 4692 206 4747 abant.
231 4687 263 4743 ur
284 4700 391 4753 reuera,
414 4687 438 4744 si
462 4700 520 4743 rem
543 4684 688 4757 diligenter
711 4684 885 4757 inspicimus,
937 4690 1014 4746 safra
1030 4689 1093 4757 ilde,
1119 4704 1202 4763 quarn
1220 4686 1455 4763 interposuerant,
1482 4694 1589 4753 soluere
1610 4713 1668 4754 non
1688 4700 1726 4755 li-

98 4780 235 4853 quedam,
251 4794 286 4837 ne
300 4780 386 4835 multa
400 4778 528 4843 dixerim,
542 4778 570 4833 in
584 4785 703 4850 utroque
717 4782 886 4835 concurrunt
936 4788 1020 4837 ceret.

97 4874 211 4931 similia.
226 4871 350 4929 Primum
363 4870 486 4942 quidem,
503 4870 576 4941 quod
590 4870 662 4927 sicut
676 4870 722 4927 ille
739 4869 886 4941 aliquando
971 4870 1057 4927 Erant
1070 4878 1160 4928 auteur
1184 4872 1214 4927 in
1236 4872 1359 4929 exercitu
1383 4875 1552 4947 signatorum
1576 4867 1723 4936 famosi'et

97 4974 232 5023 armatam
246 4978 365 5037 mouens
379 4962 517 5027 militiam,
536 4962 608 5019 sicut
621 4962 655 5019 de
678 4962 739 5034 ipso
753 4963 886 5035 scriptum
936 4968 1062 5033 potentes
1076 4962 1128 5019 rirl
1141 4964 1330 5035 qrramplures,
1346 4972 1402 5022 tam
1415 4968 1561 5027 seculares
1578 4984 1660 5040 quaro
1680 4986 1725 5028 ec-

95 5068 151 5123 est,
167 5066 225 5113 tam
239 5062 333 5115 sancte
347 5064 375 5112 et
388 5056 507 5111 innocue
519 5067 549 5109 se
562 5052 689 5121 babebat,
707 5060 736 5109 ut
750 5054 807 5125 jam
819 5060 886 5109 tunc
935 5051 1095 5109 elesiastici.
1109 5051 1184 5109 inter
1196 5068 1268 5124 quos
1282 5053 1443 5123 Balduinus,
1460 5072 1554 5127 comes
1571 5058 1724 5117 ruodma-

95 5167 153 5207 uon
177 5159 235 5205 mm
254 5149 333 5205 miles
357 5161 439 5219 quam
462 5146 614 5203 monachus
636 5152 791 5219 putaretur;
806 5144 844 5200 ita
857 5152 886 5202 et
935 5144 985 5210 sis,
1002 5150 1030 5199 et
1051 5142 1208 5202 Bonilacius
1234 5146 1359 5203 marchio
1382 5147 1417 5204 de
1445 5148 1650 5219 benefensis,
1672 5166 1723 5207 au·

94 5240 141 5297 bio
157 5252 240 5295 verus
256 5236 419 5303 monachus,
435 5238 490 5295 imo
512 5235 594 5293 Pater
616 5235 825 5301 monachorum,
841 5248 885 5290 ar·
935 5236 1065 5292 ctoritate
1080 5244 1108 5293 et
1122 5236 1230 5293 uiribus
1250 5244 1334 5310 atque
1356 5240 1474 5296 consilio
1492 5242 1624 5312 precipui
1639 5241 1723 5298 babe-

93 5344 200 5387 matum
215 5331 320 5387 ducens
333 5331 493 5395 exercitum,
509 5330 581 5387 inter
597 5328 742 5402 belligeros
758 5326 885 5385 homines
934 5330 1046 5385 bantur.
1072 5326 1105 5383 Et
1124 5329 1258 5402 siquidem
1273 5345 1370 5387 omnes
1385 5346 1440 5387 uno
1454 5346 1593 5389 consensu
1617 5332 1646 5387 in
1668 5330 1721 5387 boc

93 5424 132 5478 ita
159 5423 237 5489 risit,
255 5430 286 5477 ut
308 5432 442 5495 quantum
465 5423 542 5479 labor
565 5420 673 5478 itineris
697 5420 739 5477 vel
767 5418 884 5490 injuncti
921 5408 1130 5486 'conueneranu
1150 5427 1179 5476 ut
1196 5429 1322 5491 petentes
1337 5420 1581 5489 Alexandriamet
1601 5436 1662 5477 mm
1675 5420 1720 5472 vi·

94 5528 163 5571 eura
183 5514 359 5584 permittebat
373 5512 464 5581 officii,
479 5514 513 5571 de
528 5515 618 5587 rigore
632 5528 689 5571 sue
703 5511 883 5585 professionis
933 5514 1023 5569 riliter
1046 5514 1213 5584 obsidentes,
1237 5528 1294 5570 non
1315 5526 1370 5570 tam
1390 5515 1454 5572 belli
1473 5513 1611 5569 fortunam
1636 5526 1720 5582 quam

92 5608 132 5662 nil
147 5608 202 5664 sibi
225 5608 336 5681 penitus
357 5609 502 5667 relaxaret.
528 5608 631 5665 lieinde
655 5608 728 5665 sicut
743 5607 787 5663 ille
801 5613 883 5665 tantae
933 5604 1034 5661 diuinae
1053 5605 1164 5662 uirtutis
1181 5606 1373 5676 experirentur
1385 5605 1547 5677 potentiam.
1566 5601 1645 5669 Quod
1665 5602 1720 5656 uti-

94 5700 146 5753 fuit
157 5701 357 5772 compassionis
370 5700 399 5757 iu
411 5716 556 5774 pauperes,
569 5706 599 5754 ut
614 5698 765 5771 asperrimo
779 5695 883 5769 frigore
932 5712 986 5769 que
1010 5696 1034 5754 si
1055 5696 1201 5763 fecissent,
1225 5698 1362 5767 sperabile
1384 5697 1454 5753 satis
1469 5702 1529 5751 crat
1552 5701 1608 5747 tam
1630 5694 1719 5764 ipsam

94 5790 282 5857 cblamidem,
314 5806 396 5863 quam
420 5792 528 5852 unicam
555 5788 686 5858 babebat,
720 5802 782 5844 cum
807 5788 882 5843 nudo
933 5786 1105 5861 magnificam
1132 5788 1269 5845 ciuitatem
1298 5804 1379 5860 quam
1405 5797 1432 5844 ct
1456 5785 1603 5841 maximam
1633 5786 1718 5843 totius
