<?xml version="1.0" encoding="UTF-8"?>
<!DOCTYPE html PUBLIC "-//W3C//DTD XHTML 1.0 Transitional//EN"
    "http://www.w3.org/TR/xhtml1/DTD/xhtml1-transitional.dtd">
<html xmlns="http://www.w3.org/1999/xhtml" xml:lang="en" lang="en">
 <head>
  <title>
</title>
<meta http-equiv="Content-Type" content="text/html;charset=utf-8" />
  <meta name='ocr-system' content='tesseract 3.04.00' />
  <meta name='ocr-capabilities' content='ocr_page ocr_carea ocr_par ocr_line ocrx_word'/>
</head>
<body>
  <div class='ocr_page' id='page_1' title='image "./patrologiaecurs00hammgoog/patrologiaecurs00hammgoog_0095.png"; bbox 0 0 4000 6350; ppageno 0'>
   <div class='ocr_carea' id='block_1_1' title="bbox 138 346 1761 420">
    <p class='ocr_par' dir='ltr' id='par_1_1' title="bbox 138 306 1761 420">
     <span class='ocr_line' id='line_1_1' title="bbox 138 346 1761 420; baseline -0.006 -8"><span class='ocrx_word' id='word_1_1' title='bbox 138 355 188 414; x_wconf 77' lang='grc'><strong>181</strong></span> <span class='ocrx_word' id='word_1_2' title='bbox 230 363 240 380; x_wconf 79' lang='lat'>&#39;</span> <span class='ocrx_word' id='word_1_3' title='bbox 438 353 484 408; x_wconf 77' lang='lat' dir='ltr'><strong>bb</strong></span> <span class='ocrx_word' id='word_1_4' title='bbox 503 353 619 420; x_wconf 79' lang='grc'><strong>01111..</strong></span> <span class='ocrx_word' id='word_1_5' title='bbox 637 353 811 415; x_wconf 73' lang='lat' dir='ltr'><strong>mrumst</strong></span> <span class='ocrx_word' id='word_1_6' title='bbox 831 351 1001 412; x_wconf 70' lang='lat' dir='ltr'><strong>tuendos</strong></span> <span class='ocrx_word' id='word_1_7' title='bbox 1019 382 1055 396; x_wconf 90' lang='lat'><strong>·-</strong></span> <span class='ocrx_word' id='word_1_8' title='bbox 1071 348 1137 410; x_wconf 82' lang='lat' dir='ltr'><strong>tle.</strong></span> <span class='ocrx_word' id='word_1_9' title='bbox 1156 352 1203 408; x_wconf 76' lang='lat' dir='ltr'><strong>lt.</strong></span> <span class='ocrx_word' id='word_1_10' title='bbox 1224 350 1269 406; x_wconf 75' lang='lat' dir='ltr'><strong>ob</strong></span> <span class='ocrx_word' id='word_1_11' title='bbox 1289 346 1477 406; x_wconf 70' lang='lat' dir='ltr'><strong>obstruat.</strong></span> <span class='ocrx_word' id='word_1_12' title='bbox 1708 350 1761 405; x_wconf 78' lang='grc'><strong>1111</strong></span> 
     </span>
    </p>
   </div>
   <div class='ocr_carea' id='block_1_2' title="bbox 134 459 1766 2990">
    <p class='ocr_par' dir='ltr' id='par_1_2' title="bbox 135 459 1764 1179">
     <span class='ocr_line' id='line_1_2' title="bbox 137 459 1760 540; baseline -0.004 -16"><span class='ocrx_word' id='word_1_13' title='bbox 137 476 181 524; x_wconf 89' lang='lat' dir='ltr'><strong>tas</strong></span> <span class='ocrx_word' id='word_1_14' title='bbox 195 467 347 540; x_wconf 82' lang='lat' dir='ltr'><strong>spiritualis</strong></span> <span class='ocrx_word' id='word_1_15' title='bbox 359 477 413 534; x_wconf 84' lang='lat' dir='ltr'><strong>est,</strong></span> <span class='ocrx_word' id='word_1_16' title='bbox 435 485 471 526; x_wconf 91' lang='lat' dir='ltr'><strong>ue</strong></span> <span class='ocrx_word' id='word_1_17' title='bbox 484 469 587 528; x_wconf 84' lang='lat' dir='ltr'><strong>imrstra</strong></span> <span class='ocrx_word' id='word_1_18' title='bbox 601 485 713 528; x_wconf 86' lang='lat' dir='ltr'><strong>currere</strong></span> <span class='ocrx_word' id='word_1_19' title='bbox 731 471 865 536; x_wconf 83' lang='lat' dir='ltr'><strong>uideatur,</strong></span> <span class='ocrx_word' id='word_1_20' title='bbox 881 485 924 526; x_wconf 87' lang='lat' dir='ltr'><strong>re·</strong></span> <span class='ocrx_word' id='word_1_21' title='bbox 938 475 963 534; x_wconf 74' lang='lat' dir='ltr'>A</span> <span class='ocrx_word' id='word_1_22' title='bbox 978 467 1054 532; x_wconf 88' lang='lat' dir='ltr'><strong>tatis,</strong></span> <span class='ocrx_word' id='word_1_23' title='bbox 1070 467 1221 522; x_wconf 81' lang='lat' dir='ltr'><strong>currrrmlris</strong></span> <span class='ocrx_word' id='word_1_24' title='bbox 1236 465 1270 520; x_wconf 91' lang='lat' dir='ltr'><strong>ad</strong></span> <span class='ocrx_word' id='word_1_25' title='bbox 1287 465 1332 520; x_wconf 87' lang='lat' dir='ltr'><strong>illa</strong></span> <span class='ocrx_word' id='word_1_26' title='bbox 1344 463 1487 535; x_wconf 85' lang='lat' dir='ltr'><strong>pervenire</strong></span> <span class='ocrx_word' id='word_1_27' title='bbox 1497 459 1657 532; x_wconf 78' lang='lat' dir='ltr'><strong>contigerit.</strong></span> <span class='ocrx_word' id='word_1_28' title='bbox 1671 459 1760 518; x_wconf 71' lang='lat' dir='ltr'><strong>advo</strong></span> 
     </span>
     <span class='ocr_line' id='line_1_3' title="bbox 136 550 1761 634; baseline -0.004 -20"><span class='ocrx_word' id='word_1_29' title='bbox 136 575 219 630; x_wconf 89' lang='lat' dir='ltr'><strong>gnum</strong></span> <span class='ocrx_word' id='word_1_30' title='bbox 243 560 377 618; x_wconf 68' lang='lat' dir='ltr'><strong>mierum</strong></span> <span class='ocrx_word' id='word_1_31' title='bbox 399 561 578 632; x_wconf 72' lang='lat' dir='ltr'><strong>promittitur,</strong></span> <span class='ocrx_word' id='word_1_32' title='bbox 603 562 710 618; x_wconf 89' lang='lat' dir='ltr'><strong>dicente</strong></span> <span class='ocrx_word' id='word_1_33' title='bbox 724 564 752 618; x_wconf 86' lang='lat' dir='ltr'><strong>in</strong></span> <span class='ocrx_word' id='word_1_34' title='bbox 775 562 922 634; x_wconf 81' lang='lat' dir='ltr'><strong>Evangelio</strong></span> <span class='ocrx_word' id='word_1_35' title='bbox 975 558 1017 614; x_wconf 92' lang='lat' dir='ltr'><strong>nit</strong></span> <span class='ocrx_word' id='word_1_36' title='bbox 1031 564 1163 613; x_wconf 74' lang='lat' dir='ltr'><strong>creature</strong></span> <span class='ocrx_word' id='word_1_37' title='bbox 1177 571 1290 628; x_wconf 89' lang='lat' dir='ltr'><strong>regnum</strong></span> <span class='ocrx_word' id='word_1_38' title='bbox 1311 555 1463 619; x_wconf 80' lang='lat' dir='ltr'><strong>creatoris,</strong></span> <span class='ocrx_word' id='word_1_39' title='bbox 1480 569 1544 610; x_wconf 91' lang='lat' dir='ltr'><strong>cum</strong></span> <span class='ocrx_word' id='word_1_40' title='bbox 1562 553 1589 609; x_wconf 92' lang='lat' dir='ltr'><strong>ei</strong></span> <span class='ocrx_word' id='word_1_41' title='bbox 1608 567 1671 609; x_wconf 86' lang='lat' dir='ltr'><strong>esse</strong></span> <span class='ocrx_word' id='word_1_42' title='bbox 1691 550 1761 608; x_wconf 89' lang='lat' dir='ltr'><strong>iuci-</strong></span> 
     </span>
     <span class='ocr_line' id='line_1_4' title="bbox 137 643 1762 723; baseline -0.004 -19"><span class='ocrx_word' id='word_1_43' title='bbox 137 648 280 708; x_wconf 81' lang='lat' dir='ltr'><strong>Salratore</strong></span> <span class='ocrx_word' id='word_1_44' title='bbox 292 671 300 708; x_wconf 70' lang='grc' dir='ltr'>ι</span> <span class='ocrx_word' id='word_1_45' title='bbox 314 651 392 708; x_wconf 82' lang='lat' dir='ltr'><strong>Beati</strong></span> <span class='ocrx_word' id='word_1_46' title='bbox 405 667 532 722; x_wconf 69' lang='lat' dir='ltr'><strong>pauperes</strong></span> <span class='ocrx_word' id='word_1_47' title='bbox 548 653 652 722; x_wconf 79' lang='lat' dir='ltr'><strong>spirits,</strong></span> <span class='ocrx_word' id='word_1_48' title='bbox 669 653 794 723; x_wconf 73' lang='lat' dir='ltr'><strong>qnoniam</strong></span> <span class='ocrx_word' id='word_1_49' title='bbox 806 653 924 722; x_wconf 68' lang='lat' dir='ltr'><strong>ipsorum</strong></span> <span class='ocrx_word' id='word_1_50' title='bbox 975 651 1060 720; x_wconf 79' lang='lat' dir='ltr'><strong>pienti</strong></span> <span class='ocrx_word' id='word_1_51' title='bbox 1084 646 1200 704; x_wconf 88' lang='lat' dir='ltr'><strong>ielicitcr</strong></span> <span class='ocrx_word' id='word_1_52' title='bbox 1213 646 1314 702; x_wconf 90' lang='lat' dir='ltr'><strong>accidit</strong></span> <span class='ocrx_word' id='word_1_53' title='bbox 1334 647 1415 703; x_wconf 90' lang='lat' dir='ltr'><strong>talem</strong></span> <span class='ocrx_word' id='word_1_54' title='bbox 1434 645 1537 702; x_wconf 88' lang='lat' dir='ltr'><strong>babere</strong></span> <span class='ocrx_word' id='word_1_55' title='bbox 1554 643 1714 700; x_wconf 79' lang='lat' dir='ltr'><strong>Creatorem</strong></span> <span class='ocrx_word' id='word_1_56' title='bbox 1733 650 1762 698; x_wconf 86' lang='lat' dir='ltr'><strong>et</strong></span> 
     </span>
     <span class='ocr_line' id='line_1_5' title="bbox 135 733 1761 816; baseline -0.004 -22"><span class='ocrx_word' id='word_1_57' title='bbox 135 748 174 794; x_wconf 83' lang='lat' dir='ltr'><strong>cst</strong></span> <span class='ocrx_word' id='word_1_58' title='bbox 197 755 309 813; x_wconf 82' lang='lat' dir='ltr'><strong>regnam</strong></span> <span class='ocrx_word' id='word_1_59' title='bbox 328 743 453 798; x_wconf 75' lang='lat' dir='ltr'><strong>celorum</strong></span> <span class='ocrx_word' id='word_1_60' title='bbox 474 743 583 816; x_wconf 74' lang='lat' dir='ltr'><strong>(basili.</strong></span> <span class='ocrx_word' id='word_1_61' title='bbox 599 743 638 815; x_wconf 85' lang='lat' dir='ltr'><strong>r).</strong></span> <span class='ocrx_word' id='word_1_62' title='bbox 654 743 688 798; x_wconf 83' lang='lat' dir='ltr'><strong>Et</strong></span> <span class='ocrx_word' id='word_1_63' title='bbox 701 745 799 800; x_wconf 88' lang='lat' dir='ltr'><strong>merito</strong></span> <span class='ocrx_word' id='word_1_64' title='bbox 813 743 924 816; x_wconf 83' lang='lat' dir='ltr'><strong>quidem</strong></span> <span class='ocrx_word' id='word_1_65' title='bbox 973 735 1130 796; x_wconf 82' lang='lat' dir='ltr'><strong>bominum.</strong></span> <span class='ocrx_word' id='word_1_66' title='bbox 1150 737 1268 793; x_wconf 76' lang='lat' dir='ltr'><strong>Advenit</strong></span> <span class='ocrx_word' id='word_1_67' title='bbox 1285 736 1416 794; x_wconf 78' lang='lat' dir='ltr'><strong>Ecclesiae</strong></span> <span class='ocrx_word' id='word_1_68' title='bbox 1435 751 1551 811; x_wconf 82' lang='lat' dir='ltr'><strong>regnum</strong></span> <span class='ocrx_word' id='word_1_69' title='bbox 1571 735 1631 799; x_wconf 83' lang='lat' dir='ltr'><strong>liei,</strong></span> <span class='ocrx_word' id='word_1_70' title='bbox 1650 749 1714 790; x_wconf 90' lang='lat' dir='ltr'><strong>cum</strong></span> <span class='ocrx_word' id='word_1_71' title='bbox 1735 733 1761 788; x_wconf 82' lang='lat' dir='ltr'><strong>oi</strong></span> 
     </span>
     <span class='ocr_line' id='line_1_6' title="bbox 136 826 1762 904; baseline 0.001 -21"><span class='ocrx_word' id='word_1_72' title='bbox 136 826 255 888; x_wconf 79' lang='lat' dir='ltr'><strong>bocaut</strong></span> <span class='ocrx_word' id='word_1_73' title='bbox 279 832 328 904; x_wconf 83' lang='lat' dir='ltr'><strong>qui</strong></span> <span class='ocrx_word' id='word_1_74' title='bbox 351 834 381 890; x_wconf 91' lang='lat' dir='ltr'><strong>ln</strong></span> <span class='ocrx_word' id='word_1_75' title='bbox 395 834 447 890; x_wconf 87' lang='lat' dir='ltr'><strong>bac</strong></span> <span class='ocrx_word' id='word_1_76' title='bbox 468 836 523 890; x_wconf 83' lang='lat' dir='ltr'><strong>vita</strong></span> <span class='ocrx_word' id='word_1_77' title='bbox 546 839 698 904; x_wconf 86' lang='lat' dir='ltr'><strong>spontanea</strong></span> <span class='ocrx_word' id='word_1_78' title='bbox 721 833 873 890; x_wconf 88' lang='lat' dir='ltr'><strong>bumilitate</strong></span> <span class='ocrx_word' id='word_1_79' title='bbox 885 832 926 889; x_wconf 81' lang='lat' dir='ltr'><strong>di·</strong></span> <span class='ocrx_word' id='word_1_80' title='bbox 974 832 1121 890; x_wconf 88' lang='lat' dir='ltr'><strong>salubriter</strong></span> <span class='ocrx_word' id='word_1_81' title='bbox 1133 832 1234 888; x_wconf 85' lang='lat' dir='ltr'><strong>accidit</strong></span> <span class='ocrx_word' id='word_1_82' title='bbox 1245 832 1282 888; x_wconf 90' lang='lat' dir='ltr'><strong>de</strong></span> <span class='ocrx_word' id='word_1_83' title='bbox 1298 847 1386 904; x_wconf 74' lang='lat' dir='ltr'><strong>regno</strong></span> <span class='ocrx_word' id='word_1_84' title='bbox 1396 831 1499 888; x_wconf 86' lang='lat' dir='ltr'><strong>diaboli</strong></span> <span class='ocrx_word' id='word_1_85' title='bbox 1517 832 1546 886; x_wconf 92' lang='lat' dir='ltr'><strong>in</strong></span> <span class='ocrx_word' id='word_1_86' title='bbox 1569 845 1684 902; x_wconf 81' lang='lat' dir='ltr'><strong>regulum</strong></span> <span class='ocrx_word' id='word_1_87' title='bbox 1701 829 1762 898; x_wconf 76' lang='lat' dir='ltr'><strong>circs</strong></span> 
     </span>
     <span class='ocr_line' id='line_1_7' title="bbox 137 921 1764 1000; baseline 0 -24"><span class='ocrx_word' id='word_1_88' title='bbox 137 921 211 978; x_wconf 78' lang='lat' dir='ltr'><strong>sinas</strong></span> <span class='ocrx_word' id='word_1_89' title='bbox 239 926 364 982; x_wconf 79' lang='lat' dir='ltr'><strong>servituti</strong></span> <span class='ocrx_word' id='word_1_90' title='bbox 389 939 450 984; x_wconf 89' lang='lat' dir='ltr'><strong>sese</strong></span> <span class='ocrx_word' id='word_1_91' title='bbox 468 925 634 997; x_wconf 77' lang='lat' dir='ltr'><strong>subjiciunt,</strong></span> <span class='ocrx_word' id='word_1_92' title='bbox 654 925 683 982; x_wconf 87' lang='lat' dir='ltr'><strong>in</strong></span> <span class='ocrx_word' id='word_1_93' title='bbox 708 941 794 1000; x_wconf 88' lang='lat' dir='ltr'><strong>regno</strong></span> <span class='ocrx_word' id='word_1_94' title='bbox 813 925 923 984; x_wconf 76' lang='lat' dir='ltr'><strong>aterni-</strong></span> <span class='ocrx_word' id='word_1_95' title='bbox 974 939 1023 996; x_wconf 89' lang='lat' dir='ltr'><strong>per</strong></span> <span class='ocrx_word' id='word_1_96' title='bbox 1037 922 1118 982; x_wconf 78' lang='lat' dir='ltr'><strong>bilem</strong></span> <span class='ocrx_word' id='word_1_97' title='bbox 1134 924 1296 980; x_wconf 78' lang='lat' dir='ltr'><strong>catholicam</strong></span> <span class='ocrx_word' id='word_1_98' title='bbox 1311 922 1516 994; x_wconf 82' lang='lat' dir='ltr'><strong>transmigrare.</strong></span> <span class='ocrx_word' id='word_1_99' title='bbox 1529 921 1646 978; x_wconf 75' lang='lat' dir='ltr'><strong>Advenit</strong></span> <span class='ocrx_word' id='word_1_100' title='bbox 1659 928 1764 978; x_wconf 82' lang='lat' dir='ltr'><strong>sanctas</strong></span> 
     </span>
     <span class='ocr_line' id='line_1_8' title="bbox 140 1013 1763 1090; baseline -0.002 -20"><span class='ocrx_word' id='word_1_101' title='bbox 140 1015 284 1074; x_wconf 78' lang='lat' dir='ltr'><strong>tatiscam</strong></span> <span class='ocrx_word' id='word_1_102' title='bbox 297 1015 528 1090; x_wconf 82' lang='lat' dir='ltr'><strong>ipsoglorientur.</strong></span> <span class='ocrx_word' id='word_1_103' title='bbox 974 1016 1072 1073; x_wconf 74' lang='lat' dir='ltr'><strong>animae</strong></span> <span class='ocrx_word' id='word_1_104' title='bbox 1095 1031 1210 1089; x_wconf 88' lang='lat' dir='ltr'><strong>regnum</strong></span> <span class='ocrx_word' id='word_1_105' title='bbox 1232 1015 1304 1086; x_wconf 80' lang='lat' dir='ltr'><strong>ejus,</strong></span> <span class='ocrx_word' id='word_1_106' title='bbox 1319 1030 1382 1070; x_wconf 89' lang='lat' dir='ltr'><strong>cum</strong></span> <span class='ocrx_word' id='word_1_107' title='bbox 1407 1014 1466 1085; x_wconf 88' lang='lat' dir='ltr'><strong>ipse</strong></span> <span class='ocrx_word' id='word_1_108' title='bbox 1489 1028 1538 1085; x_wconf 89' lang='lat' dir='ltr'><strong>per</strong></span> <span class='ocrx_word' id='word_1_109' title='bbox 1561 1013 1763 1070; x_wconf 79' lang='lat' dir='ltr'><strong>inhabitantem</strong></span> 
     </span>
     <span class='ocr_line' id='line_1_9' title="bbox 401 1105 1762 1179; baseline -0.006 -13"><span class='ocrx_word' id='word_1_110' title='bbox 401 1107 603 1166; x_wconf 81' lang='lat' dir='ltr'><strong>GdPl&#39;lilLUll</strong></span> <span class='ocrx_word' id='word_1_111' title='bbox 622 1108 655 1166; x_wconf 81' lang='lat' dir='ltr'><strong>x.</strong></span> <span class='ocrx_word' id='word_1_112' title='bbox 974 1107 1103 1179; x_wconf 74' lang='lat' dir='ltr'><strong>gratiam·¹</strong></span> <span class='ocrx_word' id='word_1_113' title='bbox 1116 1124 1177 1164; x_wconf 81' lang='lat' dir='ltr'><strong>eam</strong></span> <span class='ocrx_word' id='word_1_114' title='bbox 1201 1107 1285 1164; x_wconf 88' lang='lat' dir='ltr'><strong>solari</strong></span> <span class='ocrx_word' id='word_1_115' title='bbox 1298 1106 1415 1177; x_wconf 72' lang='lat' dir='ltr'><strong>coeperit</strong></span> <span class='ocrx_word' id='word_1_116' title='bbox 1435 1112 1464 1162; x_wconf 87' lang='lat' dir='ltr'><strong>et</strong></span> <span class='ocrx_word' id='word_1_117' title='bbox 1488 1105 1589 1162; x_wconf 81' lang='lat' dir='ltr'><strong>lovere.</strong></span> <span class='ocrx_word' id='word_1_118' title='bbox 1601 1105 1762 1174; x_wconf 81' lang='lat' dir='ltr'><strong>litprimum</strong></span> 
     </span>
    </p>

    <p class='ocr_par' dir='ltr' id='par_1_3' title="bbox 281 1195 1763 1270">
     <span class='ocr_line' id='line_1_10' title="bbox 281 1195 1763 1270; baseline -0.005 -15"><span class='ocrx_word' id='word_1_119' title='bbox 281 1197 403 1255; x_wconf 70' lang='lat' dir='ltr'><strong>Smncm</strong></span> <span class='ocrx_word' id='word_1_120' title='bbox 415 1199 507 1270; x_wconf 80' lang='lat' dir='ltr'><strong>petitio</strong></span> <span class='ocrx_word' id='word_1_121' title='bbox 520 1198 553 1255; x_wconf 80' lang='lat' dir='ltr'><strong>ds</strong></span> <span class='ocrx_word' id='word_1_122' title='bbox 566 1198 678 1254; x_wconf 76' lang='lat' dir='ltr'><strong>admoto</strong></span> <span class='ocrx_word' id='word_1_123' title='bbox 698 1199 781 1270; x_wconf 81' lang='lat' dir='ltr'><strong>regui.</strong></span> <span class='ocrx_word' id='word_1_124' title='bbox 973 1198 1084 1270; x_wconf 83' lang='lat' dir='ltr'><strong>guidem</strong></span> <span class='ocrx_word' id='word_1_125' title='bbox 1099 1213 1212 1270; x_wconf 87' lang='lat' dir='ltr'><strong>regnum</strong></span> <span class='ocrx_word' id='word_1_126' title='bbox 1227 1213 1283 1268; x_wconf 72' lang='lat' dir='ltr'><strong>prm</strong></span> <span class='ocrx_word' id='word_1_127' title='bbox 1294 1197 1401 1255; x_wconf 79' lang='lat' dir='ltr'><strong>coeteris</strong></span> <span class='ocrx_word' id='word_1_128' title='bbox 1414 1196 1543 1252; x_wconf 90' lang='lat' dir='ltr'><strong>omnibus</strong></span> <span class='ocrx_word' id='word_1_129' title='bbox 1554 1195 1704 1267; x_wconf 87' lang='lat' dir='ltr'><strong>optandum</strong></span> <span class='ocrx_word' id='word_1_130' title='bbox 1722 1201 1763 1249; x_wconf 90' lang='lat' dir='ltr'><strong>at-</strong></span> 
     </span>
    </p>

    <p class='ocr_par' dir='ltr' id='par_1_4' title="bbox 134 1285 1766 2990">
     <span class='ocr_line' id='line_1_11' title="bbox 174 1285 1762 1361; baseline -0.005 -14"><span class='ocrx_word' id='word_1_131' title='bbox 174 1291 302 1348; x_wconf 71' lang='lat' dir='ltr'><strong>domim</strong></span> <span class='ocrx_word' id='word_1_132' title='bbox 326 1306 435 1361; x_wconf 78' lang='lat' dir='ltr'><strong>regnum</strong></span> <span class='ocrx_word' id='word_1_133' title='bbox 457 1299 542 1348; x_wconf 84' lang='lat' dir='ltr'><strong>tunm.</strong></span> <span class='ocrx_word' id='word_1_134' title='bbox 570 1288 696 1346; x_wconf 72' lang='grc'><strong>8111111</strong></span> <span class='ocrx_word' id='word_1_135' title='bbox 718 1289 812 1360; x_wconf 87' lang='lat' dir='ltr'><strong>petitio</strong></span> <span class='ocrx_word' id='word_1_136' title='bbox 826 1296 869 1346; x_wconf 89' lang='lat' dir='ltr'><strong>cst</strong></span> <span class='ocrx_word' id='word_1_137' title='bbox 890 1287 924 1346; x_wconf 87' lang='lat' dir='ltr'><strong>de</strong></span> <span class='ocrx_word' id='word_1_138' title='bbox 974 1304 1028 1360; x_wconf 87' lang='lat' dir='ltr'><strong>que</strong></span> <span class='ocrx_word' id='word_1_139' title='bbox 1050 1288 1196 1359; x_wconf 85' lang='lat' dir='ltr'><strong>petendum</strong></span> <span class='ocrx_word' id='word_1_140' title='bbox 1220 1295 1274 1352; x_wconf 86' lang='lat' dir='ltr'><strong>est,</strong></span> <span class='ocrx_word' id='word_1_141' title='bbox 1297 1287 1378 1359; x_wconf 77' lang='lat' dir='ltr'><strong>quasi</strong></span> <span class='ocrx_word' id='word_1_142' title='bbox 1400 1285 1508 1341; x_wconf 89' lang='lat' dir='ltr'><strong>lrnctus</strong></span> <span class='ocrx_word' id='word_1_143' title='bbox 1530 1292 1557 1343; x_wconf 89' lang='lat' dir='ltr'><strong>ct</strong></span> <span class='ocrx_word' id='word_1_144' title='bbox 1576 1286 1719 1356; x_wconf 80' lang='lat' dir='ltr'><strong>praemium</strong></span> <span class='ocrx_word' id='word_1_145' title='bbox 1733 1294 1762 1341; x_wconf 90' lang='lat' dir='ltr'><strong>et</strong></span> 
     </span>
     <span class='ocr_line' id='line_1_12' title="bbox 136 1375 1762 1456; baseline -0.007 -14"><span class='ocrx_word' id='word_1_146' title='bbox 136 1386 255 1444; x_wconf 78' lang='lat' dir='ltr'><strong>ailrentu</strong></span> <span class='ocrx_word' id='word_1_147' title='bbox 277 1385 354 1456; x_wconf 84' lang='lat' dir='ltr'><strong>regni</strong></span> <span class='ocrx_word' id='word_1_148' title='bbox 377 1382 473 1449; x_wconf 90' lang='lat' dir='ltr'><strong>illius,</strong></span> <span class='ocrx_word' id='word_1_149' title='bbox 504 1382 584 1452; x_wconf 77' lang='lat' dir='ltr'><strong>cuius</strong></span> <span class='ocrx_word' id='word_1_150' title='bbox 609 1381 779 1438; x_wconf 83' lang='lat' dir='ltr'><strong>sanctiticato</strong></span> <span class='ocrx_word' id='word_1_151' title='bbox 802 1381 922 1444; x_wconf 88' lang='lat' dir='ltr'><strong>amalae,</strong></span> <span class='ocrx_word' id='word_1_152' title='bbox 974 1377 1037 1434; x_wconf 87' lang='lat' dir='ltr'><strong>linis</strong></span> <span class='ocrx_word' id='word_1_153' title='bbox 1050 1378 1179 1434; x_wconf 88' lang='lat' dir='ltr'><strong>aliorum.</strong></span> <span class='ocrx_word' id='word_1_154' title='bbox 1203 1375 1257 1432; x_wconf 88' lang='lat' dir='ltr'><strong>Sed</strong></span> <span class='ocrx_word' id='word_1_155' title='bbox 1277 1375 1514 1434; x_wconf 87' lang='lat' dir='ltr'><strong>seeundumbanc</strong></span> <span class='ocrx_word' id='word_1_156' title='bbox 1533 1376 1632 1446; x_wconf 86' lang='lat' dir='ltr'><strong>prioris</strong></span> <span class='ocrx_word' id='word_1_157' title='bbox 1655 1375 1762 1432; x_wconf 83' lang='lat' dir='ltr'><strong>ordinis</strong></span> 
     </span>
     <span class='ocr_line' id='line_1_13' title="bbox 135 1463 1762 1546; baseline -0.005 -18"><span class='ocrx_word' id='word_1_158' title='bbox 135 1483 192 1530; x_wconf 89' lang='lat' dir='ltr'><strong>tam</strong></span> <span class='ocrx_word' id='word_1_159' title='bbox 206 1473 327 1546; x_wconf 84' lang='lat' dir='ltr'><strong>gloriosa</strong></span> <span class='ocrx_word' id='word_1_160' title='bbox 340 1479 369 1530; x_wconf 81' lang='lat' dir='ltr'><strong>et</strong></span> <span class='ocrx_word' id='word_1_161' title='bbox 382 1472 457 1529; x_wconf 85' lang='lat' dir='ltr'><strong>clara</strong></span> <span class='ocrx_word' id='word_1_162' title='bbox 479 1471 622 1544; x_wconf 86' lang='lat' dir='ltr'><strong>praecurrit</strong></span> <span class='ocrx_word' id='word_1_163' title='bbox 641 1471 744 1544; x_wconf 88' lang='lat' dir='ltr'><strong>opinio.</strong></span> <span class='ocrx_word' id='word_1_164' title='bbox 760 1469 794 1524; x_wconf 84' lang='lat' dir='ltr'><strong>Et</strong></span> <span class='ocrx_word' id='word_1_165' title='bbox 808 1470 924 1540; x_wconf 91' lang='lat' dir='ltr'><strong>pulcbro</strong></span> <span class='ocrx_word' id='word_1_166' title='bbox 973 1468 1185 1540; x_wconf 81' lang='lat' dir='ltr'><strong>expositionem,</strong></span> <span class='ocrx_word' id='word_1_167' title='bbox 1210 1466 1245 1523; x_wconf 91' lang='lat' dir='ltr'><strong>de</strong></span> <span class='ocrx_word' id='word_1_168' title='bbox 1269 1482 1354 1539; x_wconf 88' lang='lat' dir='ltr'><strong>reguo</strong></span> <span class='ocrx_word' id='word_1_169' title='bbox 1367 1466 1498 1524; x_wconf 72' lang='lat' dir='ltr'><strong>Ecclesiae</strong></span> <span class='ocrx_word' id='word_1_170' title='bbox 1518 1466 1578 1522; x_wconf 81' lang='lat' dir='ltr'><strong>lraec</strong></span> <span class='ocrx_word' id='word_1_171' title='bbox 1603 1463 1762 1535; x_wconf 79' lang='lat' dir='ltr'><strong>accipienda</strong></span> 
     </span>
     <span class='ocr_line' id='line_1_14' title="bbox 135 1555 1764 1636; baseline -0.006 -16"><span class='ocrx_word' id='word_1_172' title='bbox 135 1564 247 1636; x_wconf 80' lang='lat' dir='ltr'><strong>quidem</strong></span> <span class='ocrx_word' id='word_1_173' title='bbox 272 1564 326 1620; x_wconf 92' lang='lat' dir='ltr'><strong>boe</strong></span> <span class='ocrx_word' id='word_1_174' title='bbox 351 1563 449 1620; x_wconf 84' lang='lat' dir='ltr'><strong>ordine</strong></span> <span class='ocrx_word' id='word_1_175' title='bbox 463 1562 503 1617; x_wconf 85' lang='lat' dir='ltr'><strong>lta</strong></span> <span class='ocrx_word' id='word_1_176' title='bbox 518 1561 653 1634; x_wconf 85' lang='lat' dir='ltr'><strong>digestum</strong></span> <span class='ocrx_word' id='word_1_177' title='bbox 674 1561 941 1632; x_wconf 73' lang='lat' dir='ltr'><strong>estsguemadmo·¹</strong></span> <span class='ocrx_word' id='word_1_178' title='bbox 974 1565 1039 1617; x_wconf 88' lang='lat' dir='ltr'><strong>sunt</strong></span> <span class='ocrx_word' id='word_1_179' title='bbox 1058 1557 1139 1627; x_wconf 83' lang='lat' dir='ltr'><strong>cujus</strong></span> <span class='ocrx_word' id='word_1_180' title='bbox 1152 1557 1286 1614; x_wconf 77' lang='lat' dir='ltr'><strong>adrentus</strong></span> <span class='ocrx_word' id='word_1_181' title='bbox 1304 1572 1337 1613; x_wconf 93' lang='lat' dir='ltr'><strong>eo</strong></span> <span class='ocrx_word' id='word_1_182' title='bbox 1357 1565 1547 1636; x_wconf 85' lang='lat' dir='ltr'><strong>temporeque</strong></span> <span class='ocrx_word' id='word_1_183' title='bbox 1559 1555 1693 1612; x_wconf 63' lang='lat' dir='ltr'><strong>murinus</strong></span> <span class='ocrx_word' id='word_1_184' title='bbox 1708 1555 1764 1611; x_wconf 86' lang='lat' dir='ltr'><strong>ista</strong></span> 
     </span>
     <span class='ocr_line' id='line_1_15' title="bbox 136 1644 1766 1726; baseline -0.007 -15"><span class='ocrx_word' id='word_1_185' title='bbox 136 1655 201 1711; x_wconf 89' lang='lat' dir='ltr'><strong>dum</strong></span> <span class='ocrx_word' id='word_1_186' title='bbox 213 1653 242 1710; x_wconf 88' lang='lat' dir='ltr'><strong>bi</strong></span> <span class='ocrx_word' id='word_1_187' title='bbox 256 1653 304 1724; x_wconf 82' lang='lat' dir='ltr'><strong>gul</strong></span> <span class='ocrx_word' id='word_1_188' title='bbox 319 1667 410 1726; x_wconf 85' lang='lat' dir='ltr'><strong>regem</strong></span> <span class='ocrx_word' id='word_1_189' title='bbox 425 1667 481 1708; x_wconf 93' lang='lat' dir='ltr'><strong>non</strong></span> <span class='ocrx_word' id='word_1_190' title='bbox 503 1652 613 1717; x_wconf 88' lang='lat' dir='ltr'><strong>babent,</strong></span> <span class='ocrx_word' id='word_1_191' title='bbox 638 1667 765 1724; x_wconf 89' lang='lat' dir='ltr'><strong>magnum</strong></span> <span class='ocrx_word' id='word_1_192' title='bbox 778 1653 923 1724; x_wconf 77' lang='lat' dir='ltr'><strong>quemdam</strong></span> <span class='ocrx_word' id='word_1_193' title='bbox 973 1647 1138 1718; x_wconf 81' lang='lat' dir='ltr'><strong>loquebatur</strong></span> <span class='ocrx_word' id='word_1_194' title='bbox 1150 1648 1298 1718; x_wconf 87' lang='lat' dir='ltr'><strong>optandus,</strong></span> <span class='ocrx_word' id='word_1_195' title='bbox 1315 1655 1343 1704; x_wconf 92' lang='lat' dir='ltr'><strong>et</strong></span> <span class='ocrx_word' id='word_1_196' title='bbox 1355 1647 1430 1703; x_wconf 90' lang='lat' dir='ltr'><strong>omni</strong></span> <span class='ocrx_word' id='word_1_197' title='bbox 1444 1662 1556 1720; x_wconf 87' lang='lat' dir='ltr'><strong>precum</strong></span> <span class='ocrx_word' id='word_1_198' title='bbox 1564 1648 1696 1704; x_wconf 89' lang='lat' dir='ltr'><strong>instantia</strong></span> <span class='ocrx_word' id='word_1_199' title='bbox 1712 1644 1766 1701; x_wconf 68' lang='lat' dir='ltr'><strong>ffl-</strong></span> 
     </span>
     <span class='ocr_line' id='line_1_16' title="bbox 135 1733 1765 1813; baseline -0.004 -15"><span class='ocrx_word' id='word_1_200' title='bbox 135 1744 226 1798; x_wconf 78' lang='lat' dir='ltr'><strong>uirum</strong></span> <span class='ocrx_word' id='word_1_201' title='bbox 241 1741 322 1812; x_wconf 82' lang='lat' dir='ltr'><strong>eujus</strong></span> <span class='ocrx_word' id='word_1_202' title='bbox 336 1739 443 1798; x_wconf 78' lang='lat' dir='ltr'><strong>tancia</strong></span> <span class='ocrx_word' id='word_1_203' title='bbox 460 1748 545 1797; x_wconf 91' lang='lat' dir='ltr'><strong>estet</strong></span> <span class='ocrx_word' id='word_1_204' title='bbox 560 1741 634 1796; x_wconf 88' lang='lat' dir='ltr'><strong>clara</strong></span> <span class='ocrx_word' id='word_1_205' title='bbox 648 1741 808 1805; x_wconf 84' lang='lat' dir='ltr'><strong>auctoritas,</strong></span> <span class='ocrx_word' id='word_1_206' title='bbox 830 1757 927 1813; x_wconf 89' lang='lat' dir='ltr'><strong>regem·</strong></span> <span class='ocrx_word' id='word_1_207' title='bbox 974 1733 1104 1810; x_wconf 82' lang='lat' dir='ltr'><strong>&#39;gitandus</strong></span> <span class='ocrx_word' id='word_1_208' title='bbox 1122 1746 1182 1794; x_wconf 89' lang='lat' dir='ltr'><strong>erat</strong></span> <span class='ocrx_word' id='word_1_209' title='bbox 1206 1737 1461 1809; x_wconf 82' lang='lat' dir='ltr'><strong>:quemadmodum</strong></span> <span class='ocrx_word' id='word_1_210' title='bbox 1492 1737 1610 1810; x_wconf 74' lang='lat' dir='ltr'><strong>apostoli</strong></span> <span class='ocrx_word' id='word_1_211' title='bbox 1638 1746 1765 1809; x_wconf 83' lang='lat' dir='ltr'><strong>tempere</strong></span> 
     </span>
     <span class='ocr_line' id='line_1_17' title="bbox 137 1825 1765 1901; baseline -0.002 -13"><span class='ocrx_word' id='word_1_212' title='bbox 137 1847 168 1888; x_wconf 92' lang='lat' dir='ltr'><strong>se</strong></span> <span class='ocrx_word' id='word_1_213' title='bbox 182 1830 283 1890; x_wconf 79' lang='lat' dir='ltr'><strong>babere</strong></span> <span class='ocrx_word' id='word_1_214' title='bbox 305 1829 463 1890; x_wconf 82' lang='lat' dir='ltr'><strong>(lesitlerant</strong></span> <span class='ocrx_word' id='word_1_215' title='bbox 483 1838 512 1886; x_wconf 92' lang='lat' dir='ltr'><strong>et</strong></span> <span class='ocrx_word' id='word_1_216' title='bbox 531 1831 646 1887; x_wconf 87' lang='lat' dir='ltr'><strong>dicunt:</strong></span> <span class='ocrx_word' id='word_1_217' title='bbox 664 1829 757 1886; x_wconf 80' lang='lat' dir='ltr'><strong>Veniat</strong></span> <span class='ocrx_word' id='word_1_218' title='bbox 780 1829 825 1886; x_wconf 88' lang='lat' dir='ltr'><strong>ille</strong></span> <span class='ocrx_word' id='word_1_219' title='bbox 846 1847 921 1901; x_wconf 81' lang='lat' dir='ltr'><strong>gueni</strong></span> <span class='ocrx_word' id='word_1_220' title='bbox 937 1825 1118 1900; x_wconf 82' lang='lat' dir='ltr'><strong>Bprimitisae</strong></span> <span class='ocrx_word' id='word_1_221' title='bbox 1136 1828 1265 1886; x_wconf 83' lang='lat' dir='ltr'><strong>Ecclesiae</strong></span> <span class='ocrx_word' id='word_1_222' title='bbox 1284 1828 1396 1886; x_wconf 87' lang='lat' dir='ltr'><strong>assidue</strong></span> <span class='ocrx_word' id='word_1_223' title='bbox 1416 1830 1553 1885; x_wconf 76' lang='lat' dir='ltr'><strong>cacabant</strong></span> <span class='ocrx_word' id='word_1_224' title='bbox 1563 1828 1692 1894; x_wconf 89' lang='lat' dir='ltr'><strong>orationi,</strong></span> <span class='ocrx_word' id='word_1_225' title='bbox 1708 1829 1765 1885; x_wconf 88' lang='lat' dir='ltr'><strong>sie·</strong></span> 
     </span>
     <span class='ocr_line' id='line_1_18' title="bbox 136 1919 1763 1992; baseline 0.001 -17"><span class='ocrx_word' id='word_1_226' title='bbox 136 1920 212 1982; x_wconf 64' lang='lat' dir='ltr'><strong>noim</strong></span> <span class='ocrx_word' id='word_1_227' title='bbox 232 1921 313 1979; x_wconf 81' lang='lat' dir='ltr'><strong>tolcm</strong></span> <span class='ocrx_word' id='word_1_228' title='bbox 334 1921 409 1992; x_wconf 75' lang='lat' dir='ltr'><strong>{omo</strong></span> <span class='ocrx_word' id='word_1_229' title='bbox 424 1921 536 1992; x_wconf 77' lang='lat' dir='ltr'><strong>oslgnrit</strong></span> <span class='ocrx_word' id='word_1_230' title='bbox 557 1923 671 1984; x_wconf 78' lang='lat' dir='ltr'><strong>:mniot</strong></span> <span class='ocrx_word' id='word_1_231' title='bbox 688 1930 715 1976; x_wconf 84' lang='lat' dir='ltr'><strong>et</strong></span> <span class='ocrx_word' id='word_1_232' title='bbox 737 1929 824 1992; x_wconf 81' lang='lat' dir='ltr'><strong>regnet</strong></span> <span class='ocrx_word' id='word_1_233' title='bbox 843 1936 923 1991; x_wconf 80' lang='lat' dir='ltr'><strong>anper</strong></span> <span class='ocrx_word' id='word_1_234' title='bbox 974 1928 1004 1976; x_wconf 91' lang='lat' dir='ltr'><strong>ut</strong></span> <span class='ocrx_word' id='word_1_235' title='bbox 1023 1921 1121 1992; x_wconf 88' lang='lat' dir='ltr'><strong>legitur</strong></span> <span class='ocrx_word' id='word_1_236' title='bbox 1144 1920 1173 1976; x_wconf 90' lang='lat' dir='ltr'><strong>in</strong></span> <span class='ocrx_word' id='word_1_237' title='bbox 1193 1919 1308 1976; x_wconf 76' lang='lat' dir='ltr'><strong>Actibus</strong></span> <span class='ocrx_word' id='word_1_238' title='bbox 1328 1919 1546 1991; x_wconf 70' lang='lat' dir='ltr'><strong>Apostolorum:</strong></span> <span class='ocrx_word' id='word_1_239' title='bbox 1567 1919 1600 1974; x_wconf 78' lang='lat' dir='ltr'><strong>lb</strong></span> <span class='ocrx_word' id='word_1_240' title='bbox 1617 1929 1703 1986; x_wconf 84' lang='lat' dir='ltr'><strong>erant,</strong></span> <span class='ocrx_word' id='word_1_241' title='bbox 1718 1920 1763 1976; x_wconf 90' lang='lat' dir='ltr'><strong>ia·</strong></span> 
     </span>
     <span class='ocr_line' id='line_1_19' title="bbox 135 2007 1760 2084; baseline -0.005 -15"><span class='ocrx_word' id='word_1_242' title='bbox 135 2027 197 2082; x_wconf 81' lang='lat' dir='ltr'><strong>tter,</strong></span> <span class='ocrx_word' id='word_1_243' title='bbox 213 2009 268 2068; x_wconf 75' lang='lat' dir='ltr'><strong>scd</strong></span> <span class='ocrx_word' id='word_1_244' title='bbox 282 2010 350 2082; x_wconf 83' lang='lat' dir='ltr'><strong>quid</strong></span> <span class='ocrx_word' id='word_1_245' title='bbox 365 2011 402 2072; x_wconf 82' lang='lat' dir='ltr'><strong>sil</strong></span> <span class='ocrx_word' id='word_1_246' title='bbox 416 2011 469 2072; x_wconf 79' lang='lat' dir='ltr'><strong>het</strong></span> <span class='ocrx_word' id='word_1_247' title='bbox 481 2026 595 2084; x_wconf 78' lang='lat' dir='ltr'><strong>regnum</strong></span> <span class='ocrx_word' id='word_1_248' title='bbox 608 2011 689 2082; x_wconf 79' lang='lat' dir='ltr'><strong>eujus</strong></span> <span class='ocrx_word' id='word_1_249' title='bbox 700 2010 846 2074; x_wconf 78' lang='lat' dir='ltr'><strong>adventum</strong></span> <span class='ocrx_word' id='word_1_250' title='bbox 861 2019 922 2066; x_wconf 85' lang='lat' dir='ltr'><strong>tau·</strong></span> <span class='ocrx_word' id='word_1_251' title='bbox 972 2010 1042 2082; x_wconf 78' lang='lat' dir='ltr'><strong>nuit,</strong></span> <span class='ocrx_word' id='word_1_252' title='bbox 1050 2009 1211 2064; x_wconf 70' lang='lat' dir='ltr'><strong>unanimiter</strong></span> <span class='ocrx_word' id='word_1_253' title='bbox 1220 2010 1578 2079; x_wconf 80' lang='lat' dir='ltr'><strong>pcroemramerinormiom</strong></span> <span class='ocrx_word' id='word_1_254' title='bbox 1588 2007 1713 2082; x_wconf 67' lang='lat' dir='ltr'><strong>oetllcr.</strong></span> <span class='ocrx_word' id='word_1_255' title='bbox 1723 2007 1760 2080; x_wconf 77' lang='lat' dir='ltr'><strong>t);</strong></span> 
     </span>
     <span class='ocr_line' id='line_1_20' title="bbox 136 2099 1762 2176; baseline -0.001 -20"><span class='ocrx_word' id='word_1_256' title='bbox 136 2103 373 2174; x_wconf 66' lang='lat' dir='ltr'><strong>toperepnmulari</strong></span> <span class='ocrx_word' id='word_1_257' title='bbox 386 2111 504 2174; x_wconf 79' lang='lat' dir='ltr'><strong>oportet,</strong></span> <span class='ocrx_word' id='word_1_258' title='bbox 519 2118 609 2176; x_wconf 80' lang='lat' dir='ltr'><strong>operar</strong></span> <span class='ocrx_word' id='word_1_259' title='bbox 625 2103 742 2174; x_wconf 87' lang='lat' dir='ltr'><strong>pretium</strong></span> <span class='ocrx_word' id='word_1_260' title='bbox 754 2110 797 2160; x_wconf 88' lang='lat' dir='ltr'><strong>est</strong></span> <span class='ocrx_word' id='word_1_261' title='bbox 808 2102 923 2163; x_wconf 86' lang='lat' dir='ltr'><strong>intueri,</strong></span> <span class='ocrx_word' id='word_1_262' title='bbox 972 2099 1099 2156; x_wconf 82' lang='lat' dir='ltr'><strong>uidelicet</strong></span> <span class='ocrx_word' id='word_1_263' title='bbox 1111 2114 1161 2172; x_wconf 88' lang='lat' dir='ltr'><strong>pro</strong></span> <span class='ocrx_word' id='word_1_264' title='bbox 1175 2099 1262 2170; x_wconf 90' lang='lat' dir='ltr'><strong>ipsius</strong></span> <span class='ocrx_word' id='word_1_265' title='bbox 1275 2099 1405 2158; x_wconf 75' lang='lat' dir='ltr'><strong>Ecclesiae</strong></span> <span class='ocrx_word' id='word_1_266' title='bbox 1417 2099 1551 2171; x_wconf 87' lang='lat' dir='ltr'><strong>proiectu.</strong></span> <span class='ocrx_word' id='word_1_267' title='bbox 1563 2099 1630 2154; x_wconf 83' lang='lat' dir='ltr'><strong>llam</strong></span> <span class='ocrx_word' id='word_1_268' title='bbox 1646 2114 1762 2170; x_wconf 83' lang='lat' dir='ltr'><strong>regnum</strong></span> 
     </span>
     <span class='ocr_line' id='line_1_21' title="bbox 137 2189 1762 2272; baseline -0.005 -20"><span class='ocrx_word' id='word_1_269' title='bbox 137 2191 310 2272; x_wconf 76' lang='lat' dir='ltr'><strong>Nerpueeum</strong></span> <span class='ocrx_word' id='word_1_270' title='bbox 328 2193 572 2258; x_wconf 71' lang='lat' dir='ltr'><strong>beusresnostor</strong></span> <span class='ocrx_word' id='word_1_271' title='bbox 587 2202 650 2250; x_wconf 84' lang='lat' dir='ltr'><strong>ante</strong></span> <span class='ocrx_word' id='word_1_272' title='bbox 675 2193 776 2258; x_wconf 56' lang='lat' dir='ltr'><strong>merda</strong></span> <span class='ocrx_word' id='word_1_273' title='bbox 791 2198 923 2250; x_wconf 75' lang='lat' dir='ltr'><strong>unctan-</strong></span> <span class='ocrx_word' id='word_1_274' title='bbox 973 2189 1033 2260; x_wconf 75' lang='lat' dir='ltr'><strong>ejus</strong></span> <span class='ocrx_word' id='word_1_275' title='bbox 1055 2190 1084 2250; x_wconf 88' lang='lat' dir='ltr'><strong>in</strong></span> <span class='ocrx_word' id='word_1_276' title='bbox 1105 2191 1241 2246; x_wconf 89' lang='lat' dir='ltr'><strong>creaturis</strong></span> <span class='ocrx_word' id='word_1_277' title='bbox 1258 2190 1387 2248; x_wconf 89' lang='lat' dir='ltr'><strong>omnibus</strong></span> <span class='ocrx_word' id='word_1_278' title='bbox 1410 2190 1521 2262; x_wconf 80' lang='lat' dir='ltr'><strong>qrtldem</strong></span> <span class='ocrx_word' id='word_1_279' title='bbox 1547 2202 1654 2263; x_wconf 85' lang='lat' dir='ltr'><strong>gratum</strong></span> <span class='ocrx_word' id='word_1_280' title='bbox 1678 2196 1762 2261; x_wconf 81' lang='lat' dir='ltr'><strong>atque</strong></span> 
     </span>
     <span class='ocr_line' id='line_1_22' title="bbox 137 2280 1761 2360; baseline -0.004 -18"><span class='ocrx_word' id='word_1_281' title='bbox 137 2291 198 2355; x_wconf 78' lang='grc' dir='ltr'>ιιιιιι</span> <span class='ocrx_word' id='word_1_282' title='bbox 213 2302 300 2360; x_wconf 77' lang='lat' dir='ltr'><strong>regno</strong></span> <span class='ocrx_word' id='word_1_283' title='bbox 313 2293 457 2352; x_wconf 82' lang='lat' dir='ltr'><strong>contentus</strong></span> <span class='ocrx_word' id='word_1_284' title='bbox 469 2296 522 2352; x_wconf 83' lang='lat' dir='ltr'><strong>est,</strong></span> <span class='ocrx_word' id='word_1_285' title='bbox 543 2286 668 2357; x_wconf 77' lang='lat' dir='ltr'><strong>pluribus</strong></span> <span class='ocrx_word' id='word_1_286' title='bbox 688 2285 785 2356; x_wconf 80' lang='lat' dir='ltr'><strong>regnis</strong></span> <span class='ocrx_word' id='word_1_287' title='bbox 799 2283 928 2342; x_wconf 71' lang='lat' dir='ltr'><strong>emuna.</strong></span> <span class='ocrx_word' id='word_1_288' title='bbox 971 2280 1122 2358; x_wconf 74' lang='lat' dir='ltr'><strong>jucundum</strong></span> <span class='ocrx_word' id='word_1_289' title='bbox 1145 2297 1208 2340; x_wconf 86' lang='lat' dir='ltr'><strong>esse</strong></span> <span class='ocrx_word' id='word_1_290' title='bbox 1222 2282 1303 2340; x_wconf 86' lang='lat' dir='ltr'><strong>debet</strong></span> <span class='ocrx_word' id='word_1_291' title='bbox 1314 2302 1326 2351; x_wconf 76' lang='lat'><strong>·,</strong></span> <span class='ocrx_word' id='word_1_292' title='bbox 1338 2284 1427 2354; x_wconf 90' lang='lat' dir='ltr'><strong>optari</strong></span> <span class='ocrx_word' id='word_1_293' title='bbox 1446 2292 1538 2341; x_wconf 89' lang='lat' dir='ltr'><strong>tamen</strong></span> <span class='ocrx_word' id='word_1_294' title='bbox 1557 2289 1605 2338; x_wconf 89' lang='lat' dir='ltr'><strong>aut</strong></span> <span class='ocrx_word' id='word_1_295' title='bbox 1627 2283 1761 2354; x_wconf 90' lang='lat' dir='ltr'><strong>postulari</strong></span> 
     </span>
     <span class='ocr_line' id='line_1_23' title="bbox 136 2371 1763 2447; baseline -0.002 -15"><span class='ocrx_word' id='word_1_296' title='bbox 136 2383 195 2434; x_wconf 90' lang='lat' dir='ltr'><strong>tur.</strong></span> <span class='ocrx_word' id='word_1_297' title='bbox 221 2373 327 2447; x_wconf 76' lang='lat' dir='ltr'><strong>Regnat</strong></span> <span class='ocrx_word' id='word_1_298' title='bbox 351 2377 451 2447; x_wconf 81' lang='lat' dir='ltr'><strong>quippe</strong></span> <span class='ocrx_word' id='word_1_299' title='bbox 474 2375 501 2430; x_wconf 90' lang='lat' dir='ltr'><strong>in</strong></span> <span class='ocrx_word' id='word_1_300' title='bbox 526 2374 638 2440; x_wconf 76' lang='lat' dir='ltr'><strong>ctnlesti¹</strong></span> <span class='ocrx_word' id='word_1_301' title='bbox 655 2372 753 2444; x_wconf 88' lang='lat' dir='ltr'><strong>gloria,</strong></span> <span class='ocrx_word' id='word_1_302' title='bbox 778 2378 876 2443; x_wconf 85' lang='lat' dir='ltr'><strong>regnat¹</strong></span> <span class='ocrx_word' id='word_1_303' title='bbox 894 2372 929 2428; x_wconf 88' lang='lat' dir='ltr'><strong>in.</strong></span> <span class='ocrx_word' id='word_1_304' title='bbox 973 2371 1139 2444; x_wconf 82' lang='lat' dir='ltr'><strong>superdeum</strong></span> <span class='ocrx_word' id='word_1_305' title='bbox 1153 2376 1282 2445; x_wconf 68' lang='lat' dir='ltr'><strong>estquis</strong></span> <span class='ocrx_word' id='word_1_306' title='bbox 1297 2374 1356 2429; x_wconf 84' lang='lat' dir='ltr'><strong>siue</strong></span> <span class='ocrx_word' id='word_1_307' title='bbox 1368 2373 1625 2441; x_wconf 81' lang='lat' dir='ltr'><strong>volentibusnobis,</strong></span> <span class='ocrx_word' id='word_1_308' title='bbox 1639 2375 1697 2430; x_wconf 80' lang='lat' dir='ltr'><strong>sive</strong></span> <span class='ocrx_word' id='word_1_309' title='bbox 1711 2389 1763 2429; x_wconf 85' lang='lat' dir='ltr'><strong>no-</strong></span> 
     </span>
     <span class='ocr_line' id='line_1_24' title="bbox 135 2461 1764 2536; baseline 0.001 -18"><span class='ocrx_word' id='word_1_310' title='bbox 135 2464 213 2526; x_wconf 91' lang='lat' dir='ltr'><strong>omni</strong></span> <span class='ocrx_word' id='word_1_311' title='bbox 231 2475 369 2531; x_wconf 80' lang='lat' dir='ltr'><strong>creatura,</strong></span> <span class='ocrx_word' id='word_1_312' title='bbox 393 2472 487 2534; x_wconf 83' lang='lat' dir='ltr'><strong>regnat</strong></span> <span class='ocrx_word' id='word_1_313' title='bbox 501 2465 529 2519; x_wconf 90' lang='lat' dir='ltr'><strong>in</strong></span> <span class='ocrx_word' id='word_1_314' title='bbox 546 2461 683 2528; x_wconf 75' lang='lat' dir='ltr'><strong>Ecclesia,</strong></span> <span class='ocrx_word' id='word_1_315' title='bbox 696 2469 793 2536; x_wconf 88' lang='lat' dir='ltr'><strong>regnat</strong></span> <span class='ocrx_word' id='word_1_316' title='bbox 808 2463 836 2517; x_wconf 90' lang='lat' dir='ltr'><strong>in</strong></span> <span class='ocrx_word' id='word_1_317' title='bbox 855 2476 924 2532; x_wconf 61' lang='lat' dir='ltr'><strong>quaa</strong></span> <span class='ocrx_word' id='word_1_318' title='bbox 972 2465 1104 2529; x_wconf 90' lang='lat' dir='ltr'><strong>lentibus,</strong></span> <span class='ocrx_word' id='word_1_319' title='bbox 1117 2472 1215 2520; x_wconf 88' lang='lat' dir='ltr'><strong>auctor</strong></span> <span class='ocrx_word' id='word_1_320' title='bbox 1230 2463 1420 2522; x_wconf 83' lang='lat' dir='ltr'><strong>uniuersorum</strong></span> <span class='ocrx_word' id='word_1_321' title='bbox 1438 2463 1469 2520; x_wconf 91' lang='lat' dir='ltr'><strong>in</strong></span> <span class='ocrx_word' id='word_1_322' title='bbox 1482 2465 1566 2522; x_wconf 83' lang='lat' dir='ltr'><strong>rebus</strong></span> <span class='ocrx_word' id='word_1_323' title='bbox 1580 2479 1650 2536; x_wconf 76' lang='lat' dir='ltr'><strong>noas</strong></span> <span class='ocrx_word' id='word_1_324' title='bbox 1666 2463 1764 2522; x_wconf 86' lang='lat' dir='ltr'><strong>condi·</strong></span> 
     </span>
     <span class='ocr_line' id='line_1_25' title="bbox 135 2553 1763 2626; baseline 0 -16"><span class='ocrx_word' id='word_1_325' title='bbox 135 2553 207 2616; x_wconf 86' lang='lat' dir='ltr'><strong>libet</strong></span> <span class='ocrx_word' id='word_1_326' title='bbox 225 2556 315 2620; x_wconf 83' lang='lat' dir='ltr'><strong>aniana</strong></span> <span class='ocrx_word' id='word_1_327' title='bbox 339 2565 447 2614; x_wconf 78' lang='lat' dir='ltr'><strong>sanem.</strong></span> <span class='ocrx_word' id='word_1_328' title='bbox 470 2553 576 2626; x_wconf 81' lang='lat' dir='ltr'><strong>Regnat</strong></span> <span class='ocrx_word' id='word_1_329' title='bbox 600 2553 628 2609; x_wconf 91' lang='lat' dir='ltr'><strong>in</strong></span> <span class='ocrx_word' id='word_1_330' title='bbox 655 2554 745 2626; x_wconf 88' lang='lat' dir='ltr'><strong>primo</strong></span> <span class='ocrx_word' id='word_1_331' title='bbox 764 2567 849 2624; x_wconf 91' lang='lat' dir='ltr'><strong>regno</strong></span> <span class='ocrx_word' id='word_1_332' title='bbox 874 2566 922 2622; x_wconf 91' lang='lat' dir='ltr'><strong>per</strong></span> <span class='ocrx_word' id='word_1_333' title='bbox 972 2555 1013 2612; x_wconf 91' lang='lat' dir='ltr'><strong>dit</strong></span> <span class='ocrx_word' id='word_1_334' title='bbox 1027 2555 1185 2611; x_wconf 88' lang='lat' dir='ltr'><strong>dominatur</strong></span> <span class='ocrx_word' id='word_1_335' title='bbox 1198 2555 1433 2626; x_wconf 77' lang='lat' dir='ltr'><strong>et,regnat,sicut</strong></span> <span class='ocrx_word' id='word_1_336' title='bbox 1446 2555 1583 2626; x_wconf 87' lang='lat' dir='ltr'><strong>scriptum</strong></span> <span class='ocrx_word' id='word_1_337' title='bbox 1597 2554 1704 2611; x_wconf 78' lang='lat' dir='ltr'><strong>estzln</strong></span> <span class='ocrx_word' id='word_1_338' title='bbox 1717 2572 1763 2610; x_wconf 86' lang='lat' dir='ltr'><strong>oo-</strong></span> 
     </span>
     <span class='ocr_line' id='line_1_26' title="bbox 135 2643 1763 2716; baseline 0.001 -16"><span class='ocrx_word' id='word_1_339' title='bbox 135 2652 301 2715; x_wconf 79' lang='lat' dir='ltr'><strong>pracsentem</strong></span> <span class='ocrx_word' id='word_1_340' title='bbox 321 2652 404 2716; x_wconf 74' lang='lat' dir='ltr'><strong>atque</strong></span> <span class='ocrx_word' id='word_1_341' title='bbox 422 2645 600 2716; x_wconf 70' lang='lat' dir='ltr'><strong>conspicuam</strong></span> <span class='ocrx_word' id='word_1_342' title='bbox 616 2660 673 2702; x_wconf 79' lang='lat' dir='ltr'><strong>sum</strong></span> <span class='ocrx_word' id='word_1_343' title='bbox 694 2643 846 2716; x_wconf 79' lang='lat' dir='ltr'><strong>majestatis</strong></span> <span class='ocrx_word' id='word_1_344' title='bbox 864 2645 926 2716; x_wconf 89' lang='lat' dir='ltr'><strong>glo·.</strong></span> <span class='ocrx_word' id='word_1_345' title='bbox 974 2648 1075 2702; x_wconf 77' lang='lat' dir='ltr'><strong>lentore</strong></span> <span class='ocrx_word' id='word_1_346' title='bbox 1088 2645 1278 2713; x_wconf 53' lang='lat' dir='ltr'><strong>constamine,</strong></span> <span class='ocrx_word' id='word_1_347' title='bbox 1294 2647 1415 2702; x_wconf 77' lang='lat' dir='ltr'><strong>uniuersa</strong></span> <span class='ocrx_word' id='word_1_348' title='bbox 1430 2655 1491 2700; x_wconf 84' lang='lat' dir='ltr'><strong>mm</strong></span> <span class='ocrx_word' id='word_1_349' title='bbox 1506 2646 1710 2714; x_wconf 69' lang='lat' dir='ltr'><strong>perimetros</strong></span> <span class='ocrx_word' id='word_1_350' title='bbox 1721 2657 1763 2702; x_wconf 77' lang='lat' dir='ltr'><strong>est</strong></span> 
     </span>
     <span class='ocr_line' id='line_1_27' title="bbox 134 2735 1763 2810; baseline 0.001 -19"><span class='ocrx_word' id='word_1_351' title='bbox 134 2737 222 2802; x_wconf 80' lang='lat' dir='ltr'><strong>riam,</strong></span> <span class='ocrx_word' id='word_1_352' title='bbox 236 2751 290 2807; x_wconf 78' lang='lat' dir='ltr'><strong>gun</strong></span> <span class='ocrx_word' id='word_1_353' title='bbox 310 2735 438 2794; x_wconf 81' lang='lat' dir='ltr'><strong>scelestes</strong></span> <span class='ocrx_word' id='word_1_354' title='bbox 455 2737 568 2806; x_wconf 91' lang='lat' dir='ltr'><strong>angelos</strong></span> <span class='ocrx_word' id='word_1_355' title='bbox 584 2751 616 2791; x_wconf 87' lang='lat' dir='ltr'><strong>ae</strong></span> <span class='ocrx_word' id='word_1_356' title='bbox 630 2737 725 2792; x_wconf 83' lang='lat' dir='ltr'><strong>beatos</strong></span> <span class='ocrx_word' id='word_1_357' title='bbox 739 2735 855 2807; x_wconf 88' lang='lat' dir='ltr'><strong>spiritus</strong></span> <span class='ocrx_word' id='word_1_358' title='bbox 877 2736 924 2792; x_wconf 75' lang='lat' dir='ltr'><strong>lae».</strong></span> <span class='ocrx_word' id='word_1_359' title='bbox 972 2738 1018 2810; x_wconf 80' lang='lat' dir='ltr'><strong>qni</strong></span> <span class='ocrx_word' id='word_1_360' title='bbox 1030 2737 1114 2807; x_wconf 82' lang='lat' dir='ltr'><strong>possit</strong></span> <span class='ocrx_word' id='word_1_361' title='bbox 1126 2738 1246 2796; x_wconf 79' lang='lat' dir='ltr'><strong>res&#39;ntrre</strong></span> <span class='ocrx_word' id='word_1_362' title='bbox 1255 2736 1384 2792; x_wconf 74' lang='lat' dir='ltr'><strong>uoluntati</strong></span> <span class='ocrx_word' id='word_1_363' title='bbox 1394 2746 1461 2802; x_wconf 62' lang='lat' dir='ltr'><strong>tom·</strong></span> <span class='ocrx_word' id='word_1_364' title='bbox 1477 2746 1506 2791; x_wconf 83' lang='lat' dir='ltr'><strong>ts</strong></span> <span class='ocrx_word' id='word_1_365' title='bbox 1520 2738 1590 2792; x_wconf 80' lang='lat' dir='ltr'><strong>mim</strong></span> <span class='ocrx_word' id='word_1_366' title='bbox 1603 2737 1692 2807; x_wconf 74' lang='lat' dir='ltr'><strong>fecisti</strong></span> <span class='ocrx_word' id='word_1_367' title='bbox 1704 2754 1763 2792; x_wconf 86' lang='lat' dir='ltr'><strong>om-</strong></span> 
     </span>
     <span class='ocr_line' id='line_1_28' title="bbox 135 2825 1763 2900; baseline 0.002 -19"><span class='ocrx_word' id='word_1_368' title='bbox 135 2826 274 2892; x_wconf 85' lang='lat' dir='ltr'><strong>tilicat,et</strong></span> <span class='ocrx_word' id='word_1_369' title='bbox 288 2827 377 2898; x_wconf 91' lang='lat' dir='ltr'><strong>pascit</strong></span> <span class='ocrx_word' id='word_1_370' title='bbox 396 2835 424 2884; x_wconf 89' lang='lat' dir='ltr'><strong>et</strong></span> <span class='ocrx_word' id='word_1_371' title='bbox 444 2825 654 2898; x_wconf 73' lang='lat' dir='ltr'><strong>satiatliegnat</strong></span> <span class='ocrx_word' id='word_1_372' title='bbox 674 2828 701 2882; x_wconf 90' lang='lat' dir='ltr'><strong>in</strong></span> <span class='ocrx_word' id='word_1_373' title='bbox 727 2827 850 2886; x_wconf 82' lang='lat' dir='ltr'><strong>seeundo</strong></span> <span class='ocrx_word' id='word_1_374' title='bbox 872 2843 921 2899; x_wconf 90' lang='lat' dir='ltr'><strong>per</strong></span> <span class='ocrx_word' id='word_1_375' title='bbox 973 2829 1040 2888; x_wconf 83' lang='lat' dir='ltr'><strong>aio:</strong></span> <span class='ocrx_word' id='word_1_376' title='bbox 1054 2825 1182 2886; x_wconf 79' lang='lat' dir='ltr'><strong>dominas</strong></span> <span class='ocrx_word' id='word_1_377' title='bbox 1203 2827 1383 2884; x_wconf 74' lang='lat' dir='ltr'><strong>srdomsorsm</strong></span> <span class='ocrx_word' id='word_1_378' title='bbox 1407 2837 1436 2882; x_wconf 84' lang='lat' dir='ltr'><strong>tar</strong></span> <span class='ocrx_word' id='word_1_379' title='bbox 1449 2845 1478 2883; x_wconf 80' lang='lat' dir='ltr'><strong>es</strong></span> <span class='ocrx_word' id='word_1_380' title='bbox 1499 2825 1618 2900; x_wconf 71' lang='lat' dir='ltr'><strong>(Esther.</strong></span> <span class='ocrx_word' id='word_1_381' title='bbox 1633 2827 1707 2900; x_wconf 80' lang='lat' dir='ltr'><strong>riri).</strong></span> <span class='ocrx_word' id='word_1_382' title='bbox 1723 2827 1763 2884; x_wconf 80' lang='lat' dir='ltr'><strong>lis</strong></span> 
     </span>
     <span class='ocr_line' id='line_1_29' title="bbox 136 2915 1760 2990; baseline 0.002 -18"><span class='ocrx_word' id='word_1_383' title='bbox 136 2917 402 2990; x_wconf 79' lang='lat' dir='ltr'><strong>incircumscriptam</strong></span> <span class='ocrx_word' id='word_1_384' title='bbox 421 2917 523 2974; x_wconf 76' lang='lat' dir='ltr'><strong>diuinae</strong></span> <span class='ocrx_word' id='word_1_385' title='bbox 541 2918 651 2974; x_wconf 76' lang='lat' dir='ltr'><strong>virtutis</strong></span> <span class='ocrx_word' id='word_1_386' title='bbox 673 2919 839 2990; x_wconf 67' lang='lat' dir='ltr'><strong>potentiam</strong></span> <span class='ocrx_word' id='word_1_387' title='bbox 865 2933 923 2990; x_wconf 83' lang='lat' dir='ltr'><strong>qua</strong></span> <span class='ocrx_word' id='word_1_388' title='bbox 973 2924 1157 2988; x_wconf 83' lang='lat' dir='ltr'><strong>regnosutem</strong></span> <span class='ocrx_word' id='word_1_389' title='bbox 1170 2915 1301 2974; x_wconf 78' lang='lat' dir='ltr'><strong>Ecclesiae</strong></span> <span class='ocrx_word' id='word_1_390' title='bbox 1312 2917 1386 2986; x_wconf 83' lang='lat' dir='ltr'><strong>quod</strong></span> <span class='ocrx_word' id='word_1_391' title='bbox 1399 2932 1434 2972; x_wconf 91' lang='lat' dir='ltr'><strong>eo</strong></span> <span class='ocrx_word' id='word_1_392' title='bbox 1445 2923 1565 2989; x_wconf 90' lang='lat' dir='ltr'><strong>tempore</strong></span> <span class='ocrx_word' id='word_1_393' title='bbox 1579 2933 1677 2976; x_wconf 90' lang='lat' dir='ltr'><strong>recens</strong></span> <span class='ocrx_word' id='word_1_394' title='bbox 1689 2924 1760 2985; x_wconf 79' lang='lat' dir='ltr'><strong>erat,</strong></span> 
     </span>
    </p>
   </div>
   <div class='ocr_carea' id='block_1_3' title="bbox 136 3005 1879 3082">
    <p class='ocr_par' dir='ltr' id='par_1_5' title="bbox 136 3005 1879 3082">
     <span class='ocr_line' id='line_1_30' title="bbox 136 3005 1879 3082; baseline -0.002 -16"><span class='ocrx_word' id='word_1_395' title='bbox 136 3009 229 3066; x_wconf 83' lang='lat' dir='ltr'><strong>omnia</strong></span> <span class='ocrx_word' id='word_1_396' title='bbox 242 3007 344 3080; x_wconf 68' lang='lat' dir='ltr'><strong>quarab</strong></span> <span class='ocrx_word' id='word_1_397' title='bbox 357 3008 418 3082; x_wconf 71' lang='lat' dir='ltr'><strong>imo</strong></span> <span class='ocrx_word' id='word_1_398' title='bbox 429 3009 542 3070; x_wconf 85' lang='lat' dir='ltr'><strong>condita</strong></span> <span class='ocrx_word' id='word_1_399' title='bbox 552 3016 616 3068; x_wconf 78' lang='lat' dir='ltr'><strong>sunt</strong></span> <span class='ocrx_word' id='word_1_400' title='bbox 631 3017 658 3066; x_wconf 90' lang='lat' dir='ltr'><strong>et</strong></span> <span class='ocrx_word' id='word_1_401' title='bbox 672 3009 741 3080; x_wconf 88' lang='lat' dir='ltr'><strong>regit</strong></span> <span class='ocrx_word' id='word_1_402' title='bbox 755 3015 782 3066; x_wconf 92' lang='lat' dir='ltr'><strong>et</strong></span> <span class='ocrx_word' id='word_1_403' title='bbox 796 3009 920 3070; x_wconf 84' lang='lat' dir='ltr'><strong>continet</strong></span> <span class='ocrx_word' id='word_1_404' title='bbox 972 3015 1000 3064; x_wconf 87' lang='lat' dir='ltr'><strong>ct</strong></span> <span class='ocrx_word' id='word_1_405' title='bbox 1013 3007 1042 3062; x_wconf 93' lang='lat' dir='ltr'><strong>in</strong></span> <span class='ocrx_word' id='word_1_406' title='bbox 1061 3005 1157 3078; x_wconf 87' lang='lat' dir='ltr'><strong>paucis</strong></span> <span class='ocrx_word' id='word_1_407' title='bbox 1168 3014 1289 3077; x_wconf 86' lang='lat' dir='ltr'><strong>eoepcrat</strong></span> <span class='ocrx_word' id='word_1_408' title='bbox 1303 3007 1468 3074; x_wconf 75' lang='lat' dir='ltr'><strong>coalescere,</strong></span> <span class='ocrx_word' id='word_1_409' title='bbox 1489 3016 1517 3063; x_wconf 89' lang='lat' dir='ltr'><strong>et</strong></span> <span class='ocrx_word' id='word_1_410' title='bbox 1530 3015 1595 3064; x_wconf 89' lang='lat' dir='ltr'><strong>tune</strong></span> <span class='ocrx_word' id='word_1_411' title='bbox 1605 3007 1719 3079; x_wconf 82' lang='lat' dir='ltr'><strong>quidem</strong></span> <span class='ocrx_word' id='word_1_412' title='bbox 1730 3015 1762 3064; x_wconf 93' lang='grc' dir='ltr'><strong>ιιι</strong></span> <span class='ocrx_word' id='word_1_413' title='bbox 1876 3011 1879 3016; x_wconf 85' lang='grc'><strong>“</strong></span> 
     </span>
    </p>
   </div>
   <div class='ocr_carea' id='block_1_4' title="bbox 133 3095 1773 5811">
    <p class='ocr_par' dir='ltr' id='par_1_6' title="bbox 133 3095 1773 5618">
     <span class='ocr_line' id='line_1_31' title="bbox 135 3095 1763 3174; baseline -0.002 -16"><span class='ocrx_word' id='word_1_414' title='bbox 135 3105 166 3158; x_wconf 80' lang='lat' dir='ltr'><strong>el</strong></span> <span class='ocrx_word' id='word_1_415' title='bbox 181 3105 281 3156; x_wconf 84' lang='lat' dir='ltr'><strong>serrat.</strong></span> <span class='ocrx_word' id='word_1_416' title='bbox 298 3095 404 3170; x_wconf 85' lang='lat' dir='ltr'><strong>ilcguat</strong></span> <span class='ocrx_word' id='word_1_417' title='bbox 419 3098 448 3154; x_wconf 88' lang='lat' dir='ltr'><strong>ia</strong></span> <span class='ocrx_word' id='word_1_418' title='bbox 461 3100 543 3158; x_wconf 86' lang='lat' dir='ltr'><strong>tertio</strong></span> <span class='ocrx_word' id='word_1_419' title='bbox 558 3113 606 3170; x_wconf 90' lang='lat' dir='ltr'><strong>per</strong></span> <span class='ocrx_word' id='word_1_420' title='bbox 620 3098 784 3158; x_wconf 76' lang='lat' dir='ltr'><strong>ineffabilem</strong></span> <span class='ocrx_word' id='word_1_421' title='bbox 800 3116 857 3158; x_wconf 77' lang='lat' dir='ltr'><strong>suas</strong></span> <span class='ocrx_word' id='word_1_422' title='bbox 869 3102 924 3174; x_wconf 91' lang='lat' dir='ltr'><strong>pie·</strong></span> <span class='ocrx_word' id='word_1_423' title='bbox 973 3109 1109 3156; x_wconf 87' lang='lat' dir='ltr'><strong>cresceret</strong></span> <span class='ocrx_word' id='word_1_424' title='bbox 1120 3105 1169 3154; x_wconf 87' lang='lat' dir='ltr'><strong>ant</strong></span> <span class='ocrx_word' id='word_1_425' title='bbox 1182 3097 1343 3170; x_wconf 86' lang='lat' dir='ltr'><strong>proliceret,</strong></span> <span class='ocrx_word' id='word_1_426' title='bbox 1367 3099 1450 3154; x_wconf 82' lang='lat' dir='ltr'><strong>ueluti</strong></span> <span class='ocrx_word' id='word_1_427' title='bbox 1472 3097 1583 3170; x_wconf 76' lang='lat' dir='ltr'><strong>nitidam</strong></span> <span class='ocrx_word' id='word_1_428' title='bbox 1606 3099 1685 3154; x_wconf 76' lang='lat' dir='ltr'><strong>boum</strong></span> <span class='ocrx_word' id='word_1_429' title='bbox 1702 3097 1763 3154; x_wconf 81' lang='lat' dir='ltr'><strong>iru·</strong></span> 
     </span>
     <span class='ocr_line' id='line_1_32' title="bbox 137 3164 1763 3265; baseline 0.001 -20"><span class='ocrx_word' id='word_1_430' title='bbox 137 3191 204 3249; x_wconf 83' lang='lat' dir='ltr'><strong>tntis</strong></span> <span class='ocrx_word' id='word_1_431' title='bbox 217 3191 388 3249; x_wconf 61' lang='lat' dir='ltr'><strong>sementiam</strong></span> <span class='ocrx_word' id='word_1_432' title='bbox 398 3232 406 3256; x_wconf 98' lang='lat'><strong>,</strong></span> <span class='ocrx_word' id='word_1_433' title='bbox 418 3208 473 3263; x_wconf 82' lang='lat' dir='ltr'><strong>qua</strong></span> <span class='ocrx_word' id='word_1_434' title='bbox 493 3194 599 3262; x_wconf 78' lang='lat' dir='ltr'><strong>eosqui</strong></span> <span class='ocrx_word' id='word_1_435' title='bbox 622 3208 668 3265; x_wconf 85' lang='lat' dir='ltr'><strong>per</strong></span> <span class='ocrx_word' id='word_1_436' title='bbox 683 3192 870 3250; x_wconf 76' lang='lat' dir='ltr'><strong>infidelitatem</strong></span> <span class='ocrx_word' id='word_1_437' title='bbox 887 3192 922 3249; x_wconf 88' lang='lat' dir='ltr'><strong>ab</strong></span> <span class='ocrx_word' id='word_1_438' title='bbox 935 3164 957 3224; x_wconf 71' lang='lat'><strong>⁶</strong></span> <span class='ocrx_word' id='word_1_439' title='bbox 973 3194 1016 3265; x_wconf 92' lang='lat' dir='ltr'><strong>gis</strong></span> <span class='ocrx_word' id='word_1_440' title='bbox 1030 3198 1189 3264; x_wconf 82' lang='lat' dir='ltr'><strong>prouentus,</strong></span> <span class='ocrx_word' id='word_1_441' title='bbox 1203 3189 1355 3262; x_wconf 88' lang='lat' dir='ltr'><strong>discipulos</strong></span> <span class='ocrx_word' id='word_1_442' title='bbox 1367 3206 1449 3247; x_wconf 89' lang='lat' dir='ltr'><strong>orare</strong></span> <span class='ocrx_word' id='word_1_443' title='bbox 1462 3199 1590 3263; x_wconf 85' lang='lat' dir='ltr'><strong>oportet:</strong></span> <span class='ocrx_word' id='word_1_444' title='bbox 1606 3198 1634 3247; x_wconf 93' lang='lat' dir='ltr'><strong>et</strong></span> <span class='ocrx_word' id='word_1_445' title='bbox 1646 3190 1763 3262; x_wconf 75' lang='lat' dir='ltr'><strong>ouibus-</strong></span> 
     </span>
     <span class='ocr_line' id='line_1_33' title="bbox 136 3281 1763 3357; baseline 0.003 -21"><span class='ocrx_word' id='word_1_446' title='bbox 136 3281 200 3353; x_wconf 85' lang='lat' dir='ltr'><strong>ipso</strong></span> <span class='ocrx_word' id='word_1_447' title='bbox 222 3288 410 3349; x_wconf 78' lang='lat' dir='ltr'><strong>recesserant,</strong></span> <span class='ocrx_word' id='word_1_448' title='bbox 435 3291 463 3340; x_wconf 89' lang='lat' dir='ltr'><strong>et</strong></span> <span class='ocrx_word' id='word_1_449' title='bbox 485 3292 566 3339; x_wconf 76' lang='lat' dir='ltr'><strong>secat</strong></span> <span class='ocrx_word' id='word_1_450' title='bbox 588 3290 616 3339; x_wconf 92' lang='lat' dir='ltr'><strong>et</strong></span> <span class='ocrx_word' id='word_1_451' title='bbox 634 3285 737 3357; x_wconf 73' lang='lat' dir='ltr'><strong>colligit</strong></span> <span class='ocrx_word' id='word_1_452' title='bbox 761 3293 789 3342; x_wconf 93' lang='lat' dir='ltr'><strong>ct</strong></span> <span class='ocrx_word' id='word_1_453' title='bbox 814 3292 921 3357; x_wconf 87' lang='lat' dir='ltr'><strong>purgat.</strong></span> <span class='ocrx_word' id='word_1_454' title='bbox 973 3300 1028 3357; x_wconf 84' lang='lat' dir='ltr'><strong>gne</strong></span> <span class='ocrx_word' id='word_1_455' title='bbox 1040 3284 1165 3355; x_wconf 75' lang='lat' dir='ltr'><strong>nilotidis</strong></span> <span class='ocrx_word' id='word_1_456' title='bbox 1179 3281 1305 3339; x_wconf 86' lang='lat' dir='ltr'><strong>lldelibus</strong></span> <span class='ocrx_word' id='word_1_457' title='bbox 1328 3298 1417 3353; x_wconf 81' lang='lat' dir='ltr'><strong>nsque</strong></span> <span class='ocrx_word' id='word_1_458' title='bbox 1439 3282 1475 3339; x_wconf 88' lang='lat' dir='ltr'><strong>ad</strong></span> <span class='ocrx_word' id='word_1_459' title='bbox 1498 3284 1580 3339; x_wconf 80' lang='lat' dir='ltr'><strong>linem</strong></span> <span class='ocrx_word' id='word_1_460' title='bbox 1600 3283 1705 3350; x_wconf 65' lang='lat' dir='ltr'><strong>wculi,</strong></span> <span class='ocrx_word' id='word_1_461' title='bbox 1730 3292 1763 3341; x_wconf 87' lang='grc' dir='ltr'><strong>ιιι</strong></span> 
     </span>
     <span class='ocr_line' id='line_1_34' title="bbox 137 3370 1764 3449; baseline -0.001 -20"><span class='ocrx_word' id='word_1_462' title='bbox 137 3370 246 3445; x_wconf 81' lang='lat' dir='ltr'><strong>Regnat</strong></span> <span class='ocrx_word' id='word_1_463' title='bbox 268 3371 296 3429; x_wconf 89' lang='lat' dir='ltr'><strong>iu</strong></span> <span class='ocrx_word' id='word_1_464' title='bbox 319 3380 419 3446; x_wconf 84' lang='lat' dir='ltr'><strong>quarto</strong></span> <span class='ocrx_word' id='word_1_465' title='bbox 435 3388 483 3447; x_wconf 89' lang='lat' dir='ltr'><strong>per</strong></span> <span class='ocrx_word' id='word_1_466' title='bbox 497 3372 693 3432; x_wconf 81' lang='lat' dir='ltr'><strong>inhabitantem</strong></span> <span class='ocrx_word' id='word_1_467' title='bbox 715 3392 772 3433; x_wconf 89' lang='lat' dir='ltr'><strong>suas</strong></span> <span class='ocrx_word' id='word_1_468' title='bbox 791 3376 923 3433; x_wconf 87' lang='lat' dir='ltr'><strong>bonitalis</strong></span> <span class='ocrx_word' id='word_1_469' title='bbox 974 3380 1130 3449; x_wconf 83' lang='lat' dir='ltr'><strong>perseveret</strong></span> <span class='ocrx_word' id='word_1_470' title='bbox 1140 3379 1168 3429; x_wconf 89' lang='lat' dir='ltr'><strong>et</strong></span> <span class='ocrx_word' id='word_1_471' title='bbox 1184 3372 1273 3445; x_wconf 83' lang='lat' dir='ltr'><strong>rigeat</strong></span> <span class='ocrx_word' id='word_1_472' title='bbox 1287 3371 1436 3443; x_wconf 88' lang='lat' dir='ltr'><strong>optandum</strong></span> <span class='ocrx_word' id='word_1_473' title='bbox 1451 3383 1503 3429; x_wconf 91' lang='lat' dir='ltr'><strong>est.</strong></span> <span class='ocrx_word' id='word_1_474' title='bbox 1516 3371 1585 3429; x_wconf 84' lang='lat' dir='ltr'><strong>Nam</strong></span> <span class='ocrx_word' id='word_1_475' title='bbox 1605 3372 1764 3445; x_wconf 78' lang='lat' dir='ltr'><strong>quicunque</strong></span> 
     </span>
     <span class='ocr_line' id='line_1_35' title="bbox 134 3463 1764 3538; baseline -0.002 -19"><span class='ocrx_word' id='word_1_476' title='bbox 134 3463 263 3535; x_wconf 57' lang='lat' dir='ltr'><strong>padam,</strong></span> <span class='ocrx_word' id='word_1_477' title='bbox 282 3479 337 3536; x_wconf 84' lang='lat' dir='ltr'><strong>qua</strong></span> <span class='ocrx_word' id='word_1_478' title='bbox 351 3473 476 3521; x_wconf 85' lang='lat' dir='ltr'><strong>sanctam</strong></span> <span class='ocrx_word' id='word_1_479' title='bbox 497 3466 616 3523; x_wconf 89' lang='lat' dir='ltr'><strong>animam</strong></span> <span class='ocrx_word' id='word_1_480' title='bbox 630 3474 657 3523; x_wconf 90' lang='lat' dir='ltr'><strong>et</strong></span> <span class='ocrx_word' id='word_1_481' title='bbox 671 3466 744 3525; x_wconf 81' lang='lat' dir='ltr'><strong>ieret</strong></span> <span class='ocrx_word' id='word_1_482' title='bbox 762 3475 790 3525; x_wconf 91' lang='lat' dir='ltr'><strong>et</strong></span> <span class='ocrx_word' id='word_1_483' title='bbox 812 3468 923 3526; x_wconf 90' lang='lat' dir='ltr'><strong>instruit</strong></span> <span class='ocrx_word' id='word_1_484' title='bbox 974 3482 1023 3538; x_wconf 90' lang='lat' dir='ltr'><strong>per</strong></span> <span class='ocrx_word' id='word_1_485' title='bbox 1037 3465 1117 3521; x_wconf 82' lang='lat' dir='ltr'><strong>iidem</strong></span> <span class='ocrx_word' id='word_1_486' title='bbox 1132 3464 1281 3521; x_wconf 70' lang='lat' dir='ltr'><strong>meandum</strong></span> <span class='ocrx_word' id='word_1_487' title='bbox 1296 3471 1451 3535; x_wconf 87' lang='lat' dir='ltr'><strong>temporum</strong></span> <span class='ocrx_word' id='word_1_488' title='bbox 1473 3464 1663 3521; x_wconf 84' lang='lat' dir='ltr'><strong>successiones</strong></span> <span class='ocrx_word' id='word_1_489' title='bbox 1678 3476 1764 3534; x_wconf 85' lang='lat' dir='ltr'><strong>regno</strong></span> 
     </span>
     <span class='ocr_line' id='line_1_36' title="bbox 135 3546 1764 3633; baseline -0.002 -22"><span class='ocrx_word' id='word_1_490' title='bbox 135 3564 166 3611; x_wconf 88' lang='lat' dir='ltr'><strong>et</strong></span> <span class='ocrx_word' id='word_1_491' title='bbox 180 3546 280 3613; x_wconf 76' lang='lat' dir='ltr'><strong>salvat.</strong></span> <span class='ocrx_word' id='word_1_492' title='bbox 294 3554 416 3613; x_wconf 79' lang='lat' dir='ltr'><strong>Primum</strong></span> <span class='ocrx_word' id='word_1_493' title='bbox 429 3572 542 3629; x_wconf 88' lang='lat' dir='ltr'><strong>regnum</strong></span> <span class='ocrx_word' id='word_1_494' title='bbox 557 3567 600 3615; x_wconf 88' lang='lat' dir='ltr'><strong>est</strong></span> <span class='ocrx_word' id='word_1_495' title='bbox 614 3559 765 3630; x_wconf 75' lang='lat' dir='ltr'><strong>maiestatis</strong></span> <span class='ocrx_word' id='word_1_496' title='bbox 777 3568 805 3617; x_wconf 92' lang='lat' dir='ltr'><strong>et</strong></span> <span class='ocrx_word' id='word_1_497' title='bbox 819 3562 921 3633; x_wconf 80' lang='lat' dir='ltr'><strong>gloriae,</strong></span> <span class='ocrx_word' id='word_1_498' title='bbox 973 3558 1186 3627; x_wconf 86' lang='lat' dir='ltr'><strong>incorporantur</strong></span> <span class='ocrx_word' id='word_1_499' title='bbox 1207 3551 1354 3618; x_wconf 77' lang='lat' dir='ltr'><strong>Eccleslae,</strong></span> <span class='ocrx_word' id='word_1_500' title='bbox 1379 3554 1422 3610; x_wconf 90' lang='lat' dir='ltr'><strong>eis</strong></span> <span class='ocrx_word' id='word_1_501' title='bbox 1441 3560 1473 3609; x_wconf 91' lang='lat' dir='ltr'><strong>ut</strong></span> <span class='ocrx_word' id='word_1_502' title='bbox 1491 3554 1547 3624; x_wconf 80' lang='lat' dir='ltr'><strong>iam</strong></span> <span class='ocrx_word' id='word_1_503' title='bbox 1570 3552 1690 3609; x_wconf 82' lang='lat' dir='ltr'><strong>diximus</strong></span> <span class='ocrx_word' id='word_1_504' title='bbox 1709 3549 1764 3608; x_wconf 82' lang='lat' dir='ltr'><strong>boc</strong></span> 
     </span>
     <span class='ocr_line' id='line_1_37' title="bbox 136 3640 1773 3722; baseline -0.002 -20"><span class='ocrx_word' id='word_1_505' title='bbox 136 3640 415 3703; x_wconf 83' lang='lat' dir='ltr'><strong>sccundum’rirtutis</strong></span> <span class='ocrx_word' id='word_1_506' title='bbox 428 3654 462 3715; x_wconf 67' lang='lat' dir='ltr'><strong>‚ct</strong></span> <span class='ocrx_word' id='word_1_507' title='bbox 480 3648 619 3717; x_wconf 76' lang='lat' dir='ltr'><strong>potentie,</strong></span> <span class='ocrx_word' id='word_1_508' title='bbox 642 3650 752 3706; x_wconf 88' lang='lat' dir='ltr'><strong>tertium</strong></span> <span class='ocrx_word' id='word_1_509' title='bbox 773 3651 882 3722; x_wconf 86' lang='lat' dir='ltr'><strong>pietatis</strong></span> <span class='ocrx_word' id='word_1_510' title='bbox 897 3660 924 3709; x_wconf 91' lang='lat' dir='ltr'><strong>et</strong></span> <span class='ocrx_word' id='word_1_511' title='bbox 968 3662 1088 3721; x_wconf 79' lang='lat' dir='ltr'><strong>regnum</strong></span> <span class='ocrx_word' id='word_1_512' title='bbox 1104 3646 1242 3703; x_wconf 84' lang='lat' dir='ltr'><strong>credimus</strong></span> <span class='ocrx_word' id='word_1_513' title='bbox 1258 3644 1395 3714; x_wconf 80' lang='lat' dir='ltr'><strong>aduenire.</strong></span> <span class='ocrx_word' id='word_1_514' title='bbox 1422 3643 1476 3701; x_wconf 86' lang='lat' dir='ltr'><strong>Sed</strong></span> <span class='ocrx_word' id='word_1_515' title='bbox 1500 3653 1529 3701; x_wconf 93' lang='lat' dir='ltr'><strong>et</strong></span> <span class='ocrx_word' id='word_1_516' title='bbox 1541 3644 1576 3702; x_wconf 84' lang='lat' dir='ltr'><strong>de</strong></span> <span class='ocrx_word' id='word_1_517' title='bbox 1593 3660 1679 3716; x_wconf 88' lang='lat' dir='ltr'><strong>regno</strong></span> <span class='ocrx_word' id='word_1_518' title='bbox 1700 3642 1773 3714; x_wconf 65' lang='lat' dir='ltr'><strong>eius,</strong></span> 
     </span>
     <span class='ocr_line' id='line_1_38' title="bbox 136 3732 1763 3811; baseline 0.004 -24"><span class='ocrx_word' id='word_1_519' title='bbox 136 3732 299 3799; x_wconf 72' lang='lat' dir='ltr'><strong>clementie,</strong></span> <span class='ocrx_word' id='word_1_520' title='bbox 315 3741 443 3805; x_wconf 77' lang='lat' dir='ltr'><strong>quartum</strong></span> <span class='ocrx_word' id='word_1_521' title='bbox 457 3734 633 3805; x_wconf 74' lang='lat' dir='ltr'><strong>benignitatis</strong></span> <span class='ocrx_word' id='word_1_522' title='bbox 652 3746 679 3792; x_wconf 92' lang='lat' dir='ltr'><strong>ot</strong></span> <span class='ocrx_word' id='word_1_523' title='bbox 698 3737 926 3811; x_wconf 65' lang='lat' dir='ltr'><strong>mantellorum</strong></span> <span class='ocrx_word' id='word_1_524' title='bbox 974 3740 1001 3797; x_wconf 94' lang='lat' dir='ltr'><strong>in</strong></span> <span class='ocrx_word' id='word_1_525' title='bbox 1018 3738 1123 3797; x_wconf 83' lang='lat' dir='ltr'><strong>sanctis</strong></span> <span class='ocrx_word' id='word_1_526' title='bbox 1141 3736 1297 3803; x_wconf 87' lang='lat' dir='ltr'><strong>animabus,</strong></span> <span class='ocrx_word' id='word_1_527' title='bbox 1314 3738 1385 3793; x_wconf 87' lang='lat' dir='ltr'><strong>idem</strong></span> <span class='ocrx_word' id='word_1_528' title='bbox 1409 3736 1466 3793; x_wconf 84' lang='lat' dir='ltr'><strong>iere</strong></span> <span class='ocrx_word' id='word_1_529' title='bbox 1485 3734 1541 3793; x_wconf 87' lang='lat' dir='ltr'><strong>dici</strong></span> <span class='ocrx_word' id='word_1_530' title='bbox 1565 3744 1655 3807; x_wconf 89' lang='lat' dir='ltr'><strong>potest</strong></span> <span class='ocrx_word' id='word_1_531' title='bbox 1675 3751 1763 3794; x_wconf 86' lang='lat' dir='ltr'><strong>:eum</strong></span> 
     </span>
     <span class='ocr_line' id='line_1_39' title="bbox 135 3820 1764 3897; baseline 0.004 -21"><span class='ocrx_word' id='word_1_532' title='bbox 135 3822 262 3879; x_wconf 75' lang='lat' dir='ltr'><strong>onmium</strong></span> <span class='ocrx_word' id='word_1_533' title='bbox 287 3820 344 3884; x_wconf 76' lang='lat' dir='ltr'><strong>Deo</strong></span> <span class='ocrx_word' id='word_1_534' title='bbox 372 3822 483 3895; x_wconf 68' lang='lat' dir='ltr'><strong>quwem</strong></span> <span class='ocrx_word' id='word_1_535' title='bbox 503 3824 550 3883; x_wconf 88' lang='lat' dir='ltr'><strong>cni</strong></span> <span class='ocrx_word' id='word_1_536' title='bbox 571 3824 662 3883; x_wconf 85' lang='lat' dir='ltr'><strong>emnia</strong></span> <span class='ocrx_word' id='word_1_537' title='bbox 683 3829 827 3897; x_wconf 74' lang='lat' dir='ltr'><strong>presentia</strong></span> <span class='ocrx_word' id='word_1_538' title='bbox 847 3836 923 3896; x_wconf 91' lang='lat' dir='ltr'><strong>sunt,</strong></span> <span class='ocrx_word' id='word_1_539' title='bbox 975 3830 1099 3885; x_wconf 89' lang='lat' dir='ltr'><strong>nilalind</strong></span> <span class='ocrx_word' id='word_1_540' title='bbox 1118 3830 1155 3887; x_wconf 88' lang='lat' dir='ltr'><strong>sit</strong></span> <span class='ocrx_word' id='word_1_541' title='bbox 1180 3828 1302 3885; x_wconf 83' lang='lat' dir='ltr'><strong>Ecclesia</strong></span> <span class='ocrx_word' id='word_1_542' title='bbox 1325 3830 1377 3886; x_wconf 88' lang='lat' dir='ltr'><strong>nisi</strong></span> <span class='ocrx_word' id='word_1_543' title='bbox 1393 3837 1551 3885; x_wconf 83' lang='lat' dir='ltr'><strong>sanctarum</strong></span> <span class='ocrx_word' id='word_1_544' title='bbox 1565 3828 1691 3885; x_wconf 86' lang='lat' dir='ltr'><strong>collectio</strong></span> <span class='ocrx_word' id='word_1_545' title='bbox 1703 3828 1764 3883; x_wconf 89' lang='lat' dir='ltr'><strong>aui·</strong></span> 
     </span>
     <span class='ocr_line' id='line_1_40' title="bbox 137 3916 1764 3991; baseline 0.002 -20"><span class='ocrx_word' id='word_1_546' title='bbox 137 3917 244 3983; x_wconf 84' lang='lat' dir='ltr'><strong>nolluna</strong></span> <span class='ocrx_word' id='word_1_547' title='bbox 259 3916 388 3982; x_wconf 81' lang='lat' dir='ltr'><strong>advenire</strong></span> <span class='ocrx_word' id='word_1_548' title='bbox 400 3924 509 3990; x_wconf 62' lang='lat' dir='ltr'><strong>peiren</strong></span> <span class='ocrx_word' id='word_1_549' title='bbox 524 3918 570 3979; x_wconf 79' lang='lat' dir='ltr'><strong>crt‘t</strong></span> <span class='ocrx_word' id='word_1_550' title='bbox 591 3919 662 3975; x_wconf 88' lang='lat' dir='ltr'><strong>nihil</strong></span> <span class='ocrx_word' id='word_1_551' title='bbox 684 3921 726 3977; x_wconf 85' lang='lat' dir='ltr'><strong>uel</strong></span> <span class='ocrx_word' id='word_1_552' title='bbox 746 3920 923 3979; x_wconf 83' lang='lat' dir='ltr'><strong>adventitium</strong></span> <span class='ocrx_word' id='word_1_553' title='bbox 975 3937 1082 3977; x_wconf 89' lang='lat' dir='ltr'><strong>marum</strong></span> <span class='ocrx_word' id='word_1_554' title='bbox 1097 3941 1104 3975; x_wconf 93' lang='lat'><strong>:</strong></span> <span class='ocrx_word' id='word_1_555' title='bbox 1121 3928 1151 3975; x_wconf 90' lang='lat' dir='ltr'><strong>ut</strong></span> <span class='ocrx_word' id='word_1_556' title='bbox 1167 3920 1241 3991; x_wconf 85' lang='lat' dir='ltr'><strong>quod</strong></span> <span class='ocrx_word' id='word_1_557' title='bbox 1264 3919 1299 3977; x_wconf 89' lang='lat' dir='ltr'><strong>dc</strong></span> <span class='ocrx_word' id='word_1_558' title='bbox 1317 3921 1363 3976; x_wconf 88' lang='lat' dir='ltr'><strong>illa</strong></span> <span class='ocrx_word' id='word_1_559' title='bbox 1378 3920 1516 3991; x_wconf 73' lang='lat' dir='ltr'><strong>colligitur</strong></span> <span class='ocrx_word' id='word_1_560' title='bbox 1530 3919 1558 3975; x_wconf 88' lang='lat' dir='ltr'><strong>iu</strong></span> <span class='ocrx_word' id='word_1_561' title='bbox 1582 3933 1688 3975; x_wconf 84' lang='lat' dir='ltr'><strong>summa</strong></span> <span class='ocrx_word' id='word_1_562' title='bbox 1704 3956 1713 3984; x_wconf 95' lang='lat'><strong>,</strong></span> <span class='ocrx_word' id='word_1_563' title='bbox 1728 3918 1764 3975; x_wconf 88' lang='lat' dir='ltr'><strong>de</strong></span> 
     </span>
     <span class='ocr_line' id='line_1_41' title="bbox 135 4005 1763 4080; baseline 0.001 -21"><span class='ocrx_word' id='word_1_564' title='bbox 135 4005 180 4073; x_wconf 79' lang='lat' dir='ltr'><strong>uel</strong></span> <span class='ocrx_word' id='word_1_565' title='bbox 197 4018 293 4067; x_wconf 75' lang='lat' dir='ltr'><strong>recens</strong></span> <span class='ocrx_word' id='word_1_566' title='bbox 314 4014 375 4065; x_wconf 87' lang='lat' dir='ltr'><strong>est:</strong></span> <span class='ocrx_word' id='word_1_567' title='bbox 391 4007 456 4079; x_wconf 82' lang='lat' dir='ltr'><strong>quia</strong></span> <span class='ocrx_word' id='word_1_568' title='bbox 473 4008 544 4064; x_wconf 89' lang='lat' dir='ltr'><strong>sicut</strong></span> <span class='ocrx_word' id='word_1_569' title='bbox 577 4009 644 4065; x_wconf 90' lang='lat' dir='ltr'><strong>nibil</strong></span> <span class='ocrx_word' id='word_1_570' title='bbox 664 4009 745 4067; x_wconf 86' lang='lat' dir='ltr'><strong>babet</strong></span> <span class='ocrx_word' id='word_1_571' title='bbox 763 4012 922 4080; x_wconf 86' lang='lat' dir='ltr'><strong>amissibile,</strong></span> <span class='ocrx_word' id='word_1_572' title='bbox 975 4010 1036 4070; x_wconf 88' lang='lat' dir='ltr'><strong>istis</strong></span> <span class='ocrx_word' id='word_1_573' title='bbox 1054 4010 1224 4067; x_wconf 87' lang='lat' dir='ltr'><strong>intellectum</strong></span> <span class='ocrx_word' id='word_1_574' title='bbox 1245 4010 1397 4079; x_wconf 88' lang='lat' dir='ltr'><strong>accipiatur</strong></span> <span class='ocrx_word' id='word_1_575' title='bbox 1415 4010 1444 4065; x_wconf 92' lang='lat' dir='ltr'><strong>iu</strong></span> <span class='ocrx_word' id='word_1_576' title='bbox 1465 4008 1592 4080; x_wconf 91' lang='lat' dir='ltr'><strong>singulis.</strong></span> <span class='ocrx_word' id='word_1_577' title='bbox 1606 4006 1651 4062; x_wconf 79' lang='lat' dir='ltr'><strong>Fit</strong></span> <span class='ocrx_word' id='word_1_578' title='bbox 1669 4012 1763 4062; x_wconf 87' lang='lat' dir='ltr'><strong>autem</strong></span> 
     </span>
     <span class='ocr_line' id='line_1_42' title="bbox 136 4095 1764 4173; baseline 0.003 -23"><span class='ocrx_word' id='word_1_579' title='bbox 136 4095 360 4167; x_wconf 73' lang='lat' dir='ltr'><strong>itanibilpecipit</strong></span> <span class='ocrx_word' id='word_1_580' title='bbox 374 4099 544 4155; x_wconf 85' lang='lat' dir='ltr'><strong>accessibile.</strong></span> <span class='ocrx_word' id='word_1_581' title='bbox 561 4098 637 4155; x_wconf 86' lang='lat' dir='ltr'><strong>Licet</strong></span> <span class='ocrx_word' id='word_1_582' title='bbox 649 4100 721 4155; x_wconf 87' lang='lat' dir='ltr'><strong>enirn</strong></span> <span class='ocrx_word' id='word_1_583' title='bbox 733 4101 802 4158; x_wconf 93' lang='lat' dir='ltr'><strong>nibil</strong></span> <span class='ocrx_word' id='word_1_584' title='bbox 818 4102 854 4158; x_wconf 88' lang='lat' dir='ltr'><strong>sit</strong></span> <span class='ocrx_word' id='word_1_585' title='bbox 868 4102 923 4159; x_wconf 87' lang='lat' dir='ltr'><strong>Deo</strong></span> <span class='ocrx_word' id='word_1_586' title='bbox 975 4104 1028 4161; x_wconf 91' lang='lat' dir='ltr'><strong>iste</strong></span> <span class='ocrx_word' id='word_1_587' title='bbox 1045 4101 1123 4173; x_wconf 87' lang='lat' dir='ltr'><strong>regni</strong></span> <span class='ocrx_word' id='word_1_588' title='bbox 1136 4100 1271 4159; x_wconf 79' lang='lat' dir='ltr'><strong>adrentus</strong></span> <span class='ocrx_word' id='word_1_589' title='bbox 1285 4116 1334 4171; x_wconf 90' lang='lat' dir='ltr'><strong>per</strong></span> <span class='ocrx_word' id='word_1_590' title='bbox 1353 4100 1481 4171; x_wconf 89' lang='lat' dir='ltr'><strong>spiritum</strong></span> <span class='ocrx_word' id='word_1_591' title='bbox 1504 4099 1635 4171; x_wconf 87' lang='lat' dir='ltr'><strong>pletatis,</strong></span> <span class='ocrx_word' id='word_1_592' title='bbox 1652 4099 1764 4170; x_wconf 77' lang='lat' dir='ltr'><strong>girando</strong></span> 
     </span>
     <span class='ocr_line' id='line_1_43' title="bbox 136 4187 1764 4265; baseline 0.004 -27"><span class='ocrx_word' id='word_1_593' title='bbox 136 4193 324 4251; x_wconf 60' lang='lat' dir='ltr'><strong>coaeternum</strong></span> <span class='ocrx_word' id='word_1_594' title='bbox 351 4194 441 4243; x_wconf 88' lang='lat' dir='ltr'><strong>tamen</strong></span> <span class='ocrx_word' id='word_1_595' title='bbox 466 4187 530 4260; x_wconf 87' lang='lat' dir='ltr'><strong>quia</strong></span> <span class='ocrx_word' id='word_1_596' title='bbox 553 4189 621 4243; x_wconf 88' lang='lat' dir='ltr'><strong>nibil</strong></span> <span class='ocrx_word' id='word_1_597' title='bbox 647 4205 767 4261; x_wconf 81' lang='lat' dir='ltr'><strong>inaquam</strong></span> <span class='ocrx_word' id='word_1_598' title='bbox 798 4191 925 4263; x_wconf 83' lang='lat' dir='ltr'><strong>ignorare</strong></span> <span class='ocrx_word' id='word_1_599' title='bbox 975 4194 1066 4251; x_wconf 82' lang='lat' dir='ltr'><strong>anima</strong></span> <span class='ocrx_word' id='word_1_600' title='bbox 1079 4192 1181 4265; x_wconf 89' lang='lat' dir='ltr'><strong>Spiritu</strong></span> <span class='ocrx_word' id='word_1_601' title='bbox 1195 4201 1292 4249; x_wconf 90' lang='lat' dir='ltr'><strong>sancto</strong></span> <span class='ocrx_word' id='word_1_602' title='bbox 1305 4194 1404 4256; x_wconf 86' lang='lat' dir='ltr'><strong>adlata,</strong></span> <span class='ocrx_word' id='word_1_603' title='bbox 1424 4207 1457 4247; x_wconf 92' lang='lat' dir='ltr'><strong>ac</strong></span> <span class='ocrx_word' id='word_1_604' title='bbox 1470 4207 1519 4263; x_wconf 90' lang='lat' dir='ltr'><strong>per</strong></span> <span class='ocrx_word' id='word_1_605' title='bbox 1531 4191 1584 4247; x_wconf 93' lang='lat' dir='ltr'><strong>boc</strong></span> <span class='ocrx_word' id='word_1_606' title='bbox 1602 4191 1648 4262; x_wconf 90' lang='lat' dir='ltr'><strong>pia</strong></span> <span class='ocrx_word' id='word_1_607' title='bbox 1661 4197 1689 4247; x_wconf 90' lang='lat' dir='ltr'><strong>et</strong></span> <span class='ocrx_word' id='word_1_608' title='bbox 1710 4189 1764 4245; x_wconf 85' lang='lat' dir='ltr'><strong>mi·</strong></span> 
     </span>
     <span class='ocr_line' id='line_1_44' title="bbox 136 4274 1764 4355; baseline 0.005 -26"><span class='ocrx_word' id='word_1_609' title='bbox 136 4274 238 4345; x_wconf 86' lang='lat' dir='ltr'><strong>potuit,</strong></span> <span class='ocrx_word' id='word_1_610' title='bbox 253 4283 281 4331; x_wconf 89' lang='lat' dir='ltr'><strong>et</strong></span> <span class='ocrx_word' id='word_1_611' title='bbox 292 4278 382 4331; x_wconf 86' lang='lat' dir='ltr'><strong>omnia</strong></span> <span class='ocrx_word' id='word_1_612' title='bbox 399 4292 506 4349; x_wconf 85' lang='lat' dir='ltr'><strong>sempor</strong></span> <span class='ocrx_word' id='word_1_613' title='bbox 518 4278 545 4335; x_wconf 91' lang='lat' dir='ltr'><strong>in</strong></span> <span class='ocrx_word' id='word_1_614' title='bbox 558 4280 618 4347; x_wconf 83' lang='lat' dir='ltr'><strong>ejus</strong></span> <span class='ocrx_word' id='word_1_615' title='bbox 633 4282 777 4352; x_wconf 73' lang='lat' dir='ltr'><strong>praesentia</strong></span> <span class='ocrx_word' id='word_1_616' title='bbox 793 4281 923 4339; x_wconf 77' lang='lat' dir='ltr'><strong>luerunt:</strong></span> <span class='ocrx_word' id='word_1_617' title='bbox 975 4286 1012 4341; x_wconf 89' lang='lat' dir='ltr'><strong>tis</strong></span> <span class='ocrx_word' id='word_1_618' title='bbox 1031 4282 1129 4341; x_wconf 86' lang='lat' dir='ltr'><strong>edecta</strong></span> <span class='ocrx_word' id='word_1_619' title='bbox 1150 4282 1276 4355; x_wconf 88' lang='lat' dir='ltr'><strong>regnanti</strong></span> <span class='ocrx_word' id='word_1_620' title='bbox 1293 4282 1349 4339; x_wconf 78' lang='lat' dir='ltr'><strong>lieo</strong></span> <span class='ocrx_word' id='word_1_621' title='bbox 1369 4297 1399 4338; x_wconf 91' lang='lat' dir='ltr'><strong>se</strong></span> <span class='ocrx_word' id='word_1_622' title='bbox 1423 4290 1521 4352; x_wconf 90' lang='lat' dir='ltr'><strong>sponte</strong></span> <span class='ocrx_word' id='word_1_623' title='bbox 1542 4281 1664 4353; x_wconf 82' lang='lat' dir='ltr'><strong>subjicit,</strong></span> <span class='ocrx_word' id='word_1_624' title='bbox 1688 4280 1764 4352; x_wconf 83' lang='lat' dir='ltr'><strong>guod</strong></span> 
     </span>
     <span class='ocr_line' id='line_1_45' title="bbox 135 4364 1764 4446; baseline 0.004 -26"><span class='ocrx_word' id='word_1_625' title='bbox 135 4364 221 4420; x_wconf 87' lang='lat' dir='ltr'><strong>etiam</strong></span> <span class='ocrx_word' id='word_1_626' title='bbox 244 4380 275 4420; x_wconf 88' lang='lat' dir='ltr'><strong>ea</strong></span> <span class='ocrx_word' id='word_1_627' title='bbox 298 4382 359 4437; x_wconf 79' lang='lat' dir='ltr'><strong>quae</strong></span> <span class='ocrx_word' id='word_1_628' title='bbox 379 4382 412 4423; x_wconf 85' lang='lat' dir='ltr'><strong>ex</strong></span> <span class='ocrx_word' id='word_1_629' title='bbox 434 4376 557 4441; x_wconf 85' lang='lat' dir='ltr'><strong>tempore</strong></span> <span class='ocrx_word' id='word_1_630' title='bbox 569 4386 630 4427; x_wconf 88' lang='lat' dir='ltr'><strong>esse</strong></span> <span class='ocrx_word' id='word_1_631' title='bbox 647 4382 800 4443; x_wconf 68' lang='lat' dir='ltr'><strong>coeperunt,</strong></span> <span class='ocrx_word' id='word_1_632' title='bbox 818 4390 924 4445; x_wconf 85' lang='lat' dir='ltr'><strong>semper</strong></span> <span class='ocrx_word' id='word_1_633' title='bbox 975 4390 1082 4433; x_wconf 88' lang='lat' dir='ltr'><strong>summa</strong></span> <span class='ocrx_word' id='word_1_634' title='bbox 1100 4375 1188 4446; x_wconf 86' lang='lat' dir='ltr'><strong>pietas</strong></span> <span class='ocrx_word' id='word_1_635' title='bbox 1204 4380 1270 4431; x_wconf 85' lang='lat' dir='ltr'><strong>est:</strong></span> <span class='ocrx_word' id='word_1_636' title='bbox 1287 4373 1360 4430; x_wconf 90' lang='lat' dir='ltr'><strong>sicut</strong></span> <span class='ocrx_word' id='word_1_637' title='bbox 1382 4374 1540 4429; x_wconf 82' lang='lat' dir='ltr'><strong>econtrario</strong></span> <span class='ocrx_word' id='word_1_638' title='bbox 1557 4387 1621 4428; x_wconf 87' lang='lat' dir='ltr'><strong>cnm</strong></span> <span class='ocrx_word' id='word_1_639' title='bbox 1637 4386 1653 4425; x_wconf 87' lang='lat' dir='ltr'><strong>a</strong></span> <span class='ocrx_word' id='word_1_640' title='bbox 1672 4386 1704 4428; x_wconf 90' lang='lat' dir='ltr'><strong>se</strong></span> <span class='ocrx_word' id='word_1_641' title='bbox 1717 4385 1764 4427; x_wconf 91' lang='lat' dir='ltr'><strong>re·</strong></span> 
     </span>
     <span class='ocr_line' id='line_1_46' title="bbox 135 4454 1766 4543; baseline 0.007 -35"><span class='ocrx_word' id='word_1_642' title='bbox 135 4454 162 4509; x_wconf 92' lang='lat' dir='ltr'><strong>ci</strong></span> <span class='ocrx_word' id='word_1_643' title='bbox 177 4455 322 4525; x_wconf 73' lang='lat' dir='ltr'><strong>presentia</strong></span> <span class='ocrx_word' id='word_1_644' title='bbox 334 4454 536 4527; x_wconf 81' lang='lat' dir='ltr'><strong>quodammodo</strong></span> <span class='ocrx_word' id='word_1_645' title='bbox 547 4459 702 4518; x_wconf 89' lang='lat' dir='ltr'><strong>astiterunt.</strong></span> <span class='ocrx_word' id='word_1_646' title='bbox 714 4460 847 4533; x_wconf 77' lang='lat' dir='ltr'><strong>llegnasit</strong></span> <span class='ocrx_word' id='word_1_647' title='bbox 859 4479 925 4535; x_wconf 85' lang='lat' dir='ltr'><strong>erge</strong></span> <span class='ocrx_word' id='word_1_648' title='bbox 940 4489 962 4543; x_wconf 67' lang='lat' dir='ltr'>D</span> <span class='ocrx_word' id='word_1_649' title='bbox 976 4464 1078 4535; x_wconf 87' lang='lat' dir='ltr'><strong>pellere</strong></span> <span class='ocrx_word' id='word_1_650' title='bbox 1100 4464 1213 4521; x_wconf 88' lang='lat' dir='ltr'><strong>crudele</strong></span> <span class='ocrx_word' id='word_1_651' title='bbox 1234 4471 1261 4520; x_wconf 91' lang='lat' dir='ltr'><strong>et</strong></span> <span class='ocrx_word' id='word_1_652' title='bbox 1286 4464 1412 4535; x_wconf 76' lang='lat' dir='ltr'><strong>impium:</strong></span> <span class='ocrx_word' id='word_1_653' title='bbox 1439 4464 1511 4519; x_wconf 87' lang='lat' dir='ltr'><strong>sicut</strong></span> <span class='ocrx_word' id='word_1_654' title='bbox 1532 4463 1655 4520; x_wconf 80' lang='lat' dir='ltr'><strong>rocenm</strong></span> <span class='ocrx_word' id='word_1_655' title='bbox 1674 4462 1714 4519; x_wconf 91' lang='lat' dir='ltr'><strong>illi</strong></span> <span class='ocrx_word' id='word_1_656' title='bbox 1729 4461 1766 4519; x_wconf 82' lang='lat' dir='ltr'><strong>(le</strong></span> 
     </span>
     <span class='ocr_line' id='line_1_47' title="bbox 136 4541 1766 4627; baseline 0.006 -29"><span class='ocrx_word' id='word_1_657' title='bbox 136 4541 213 4606; x_wconf 81' lang='lat' dir='ltr'><strong>Deos</strong></span> <span class='ocrx_word' id='word_1_658' title='bbox 227 4543 262 4603; x_wconf 80' lang='lat' dir='ltr'><strong>ab</strong></span> <span class='ocrx_word' id='word_1_659' title='bbox 272 4551 375 4601; x_wconf 79' lang='lat' dir='ltr'><strong>aeterno</strong></span> <span class='ocrx_word' id='word_1_660' title='bbox 389 4546 417 4601; x_wconf 90' lang='lat' dir='ltr'><strong>lu</strong></span> <span class='ocrx_word' id='word_1_661' title='bbox 433 4547 520 4619; x_wconf 90' lang='lat' dir='ltr'><strong>gloria</strong></span> <span class='ocrx_word' id='word_1_662' title='bbox 538 4548 652 4613; x_wconf 70' lang='lat' dir='ltr'><strong>coelesti,</strong></span> <span class='ocrx_word' id='word_1_663' title='bbox 671 4550 696 4606; x_wconf 91' lang='lat' dir='ltr'><strong>id</strong></span> <span class='ocrx_word' id='word_1_664' title='bbox 716 4562 756 4607; x_wconf 89' lang='lat' dir='ltr'><strong>est</strong></span> <span class='ocrx_word' id='word_1_665' title='bbox 771 4552 799 4607; x_wconf 89' lang='lat' dir='ltr'><strong>iu</strong></span> <span class='ocrx_word' id='word_1_666' title='bbox 813 4552 923 4623; x_wconf 86' lang='lat' dir='ltr'><strong>scipso:</strong></span> <span class='ocrx_word' id='word_1_667' title='bbox 974 4553 1076 4627; x_wconf 75' lang='lat' dir='ltr'><strong>guribus</strong></span> <span class='ocrx_word' id='word_1_668' title='bbox 1093 4554 1164 4609; x_wconf 87' lang='lat' dir='ltr'><strong>idem</strong></span> <span class='ocrx_word' id='word_1_669' title='bbox 1177 4553 1309 4611; x_wconf 82' lang='lat' dir='ltr'><strong>[lominus</strong></span> <span class='ocrx_word' id='word_1_670' title='bbox 1323 4552 1390 4610; x_wconf 81' lang='lat' dir='ltr'><strong>(licit</strong></span> <span class='ocrx_word' id='word_1_671' title='bbox 1411 4552 1590 4623; x_wconf 75' lang='lat' dir='ltr'><strong>:dijeceretur</strong></span> <span class='ocrx_word' id='word_1_672' title='bbox 1603 4568 1655 4618; x_wconf 84' lang='lat' dir='ltr'><strong>mr,</strong></span> <span class='ocrx_word' id='word_1_673' title='bbox 1671 4567 1703 4607; x_wconf 85' lang='lat' dir='ltr'><strong>nc</strong></span> <span class='ocrx_word' id='word_1_674' title='bbox 1723 4566 1766 4607; x_wconf 81' lang='lat' dir='ltr'><strong>re-</strong></span> 
     </span>
     <span class='ocr_line' id='line_1_48' title="bbox 136 4635 1766 4716; baseline 0.004 -27"><span class='ocrx_word' id='word_1_675' title='bbox 136 4635 222 4699; x_wconf 78' lang='lat' dir='ltr'><strong>eu&#39;am</strong></span> <span class='ocrx_word' id='word_1_676' title='bbox 236 4642 381 4709; x_wconf 78' lang='lat' dir='ltr'><strong>antequam</strong></span> <span class='ocrx_word' id='word_1_677' title='bbox 394 4644 467 4693; x_wconf 88' lang='lat' dir='ltr'><strong>esset</strong></span> <span class='ocrx_word' id='word_1_678' title='bbox 480 4646 605 4697; x_wconf 92' lang='lat' dir='ltr'><strong>creatura</strong></span> <span class='ocrx_word' id='word_1_679' title='bbox 620 4656 702 4712; x_wconf 85' lang='lat' dir='ltr'><strong>quam</strong></span> <span class='ocrx_word' id='word_1_680' title='bbox 717 4642 759 4701; x_wconf 90' lang='lat' dir='ltr'><strong>sui</strong></span> <span class='ocrx_word' id='word_1_681' title='bbox 774 4643 852 4713; x_wconf 85' lang='lat' dir='ltr'><strong>regni</strong></span> <span class='ocrx_word' id='word_1_682' title='bbox 866 4659 929 4714; x_wconf 51' lang='lat' dir='ltr'><strong>pes·¹</strong></span> <span class='ocrx_word' id='word_1_683' title='bbox 974 4661 1049 4715; x_wconf 72' lang='lat' dir='ltr'><strong>gruem</strong></span> <span class='ocrx_word' id='word_1_684' title='bbox 1065 4660 1143 4714; x_wconf 80' lang='lat' dir='ltr'><strong>seper</strong></span> <span class='ocrx_word' id='word_1_685' title='bbox 1157 4661 1200 4699; x_wconf 84' lang='lat' dir='ltr'><strong>eos</strong></span> <span class='ocrx_word' id='word_1_686' title='bbox 1216 4642 1243 4716; x_wconf 88' lang='lat' dir='ltr'><strong>(l</strong></span> <span class='ocrx_word' id='word_1_687' title='bbox 1257 4642 1319 4715; x_wconf 75' lang='lat' dir='ltr'><strong>llcp.</strong></span> <span class='ocrx_word' id='word_1_688' title='bbox 1331 4643 1380 4715; x_wconf 76' lang='grc' dir='ltr'>ιι).</span> <span class='ocrx_word' id='word_1_689' title='bbox 1393 4642 1464 4699; x_wconf 89' lang='lat' dir='ltr'><strong>lluic</strong></span> <span class='ocrx_word' id='word_1_690' title='bbox 1475 4644 1569 4698; x_wconf 82' lang='lat' dir='ltr'><strong>virtuti</strong></span> <span class='ocrx_word' id='word_1_691' title='bbox 1581 4642 1691 4713; x_wconf 88' lang='lat' dir='ltr'><strong>pietatis</strong></span> <span class='ocrx_word' id='word_1_692' title='bbox 1704 4655 1766 4712; x_wconf 82' lang='lat' dir='ltr'><strong>pro</strong></span> 
     </span>
     <span class='ocr_line' id='line_1_49' title="bbox 138 4724 1766 4807; baseline -0.003 -16"><span class='ocrx_word' id='word_1_693' title='bbox 138 4734 186 4791; x_wconf 79' lang='lat' dir='ltr'><strong>set</strong></span> <span class='ocrx_word' id='word_1_694' title='bbox 209 4726 310 4787; x_wconf 76' lang='lat' dir='ltr'><strong>habere</strong></span> <span class='ocrx_word' id='word_1_695' title='bbox 339 4729 511 4803; x_wconf 87' lang='lat' dir='ltr'><strong>participem.</strong></span> <span class='ocrx_word' id='word_1_696' title='bbox 539 4731 672 4806; x_wconf 84' lang='lat' dir='ltr'><strong>llegnasit</strong></span> <span class='ocrx_word' id='word_1_697' title='bbox 694 4743 722 4792; x_wconf 90' lang='lat' dir='ltr'><strong>et</strong></span> <span class='ocrx_word' id='word_1_698' title='bbox 743 4734 771 4791; x_wconf 88' lang='lat' dir='ltr'><strong>in</strong></span> <span class='ocrx_word' id='word_1_699' title='bbox 796 4736 925 4792; x_wconf 78' lang='lat' dir='ltr'><strong>ominibus</strong></span> <span class='ocrx_word' id='word_1_700' title='bbox 975 4734 1091 4801; x_wconf 85' lang='lat' dir='ltr'><strong>mittitur</strong></span> <span class='ocrx_word' id='word_1_701' title='bbox 1103 4735 1242 4807; x_wconf 84' lang='lat' dir='ltr'><strong>possessio</strong></span> <span class='ocrx_word' id='word_1_702' title='bbox 1254 4742 1343 4798; x_wconf 85' lang='lat' dir='ltr'><strong>terrae,</strong></span> <span class='ocrx_word' id='word_1_703' title='bbox 1358 4749 1422 4789; x_wconf 91' lang='lat' dir='ltr'><strong>cum</strong></span> <span class='ocrx_word' id='word_1_704' title='bbox 1438 4724 1572 4790; x_wconf 84' lang='lat' dir='ltr'><strong>Dominus</strong></span> <span class='ocrx_word' id='word_1_705' title='bbox 1586 4731 1766 4789; x_wconf 76' lang='lat' dir='ltr'><strong>dicittlieotr&#39;</strong></span> 
     </span>
     <span class='ocr_line' id='line_1_50' title="bbox 135 4820 1764 4898; baseline 0.002 -25"><span class='ocrx_word' id='word_1_706' title='bbox 135 4820 288 4887; x_wconf 63' lang='lat' dir='ltr'><strong>creaturim</strong></span> <span class='ocrx_word' id='word_1_707' title='bbox 303 4821 367 4892; x_wconf 82' lang='lat' dir='ltr'><strong>quia</strong></span> <span class='ocrx_word' id='word_1_708' title='bbox 378 4836 440 4877; x_wconf 89' lang='lat' dir='ltr'><strong>cum</strong></span> <span class='ocrx_word' id='word_1_709' title='bbox 451 4823 572 4880; x_wconf 87' lang='lat' dir='ltr'><strong>noudum</strong></span> <span class='ocrx_word' id='word_1_710' title='bbox 583 4833 655 4881; x_wconf 89' lang='lat' dir='ltr'><strong>esset</strong></span> <span class='ocrx_word' id='word_1_711' title='bbox 669 4825 696 4881; x_wconf 90' lang='lat' dir='ltr'><strong>ln</strong></span> <span class='ocrx_word' id='word_1_712' title='bbox 711 4840 800 4882; x_wconf 82' lang='lat' dir='ltr'><strong>rerum</strong></span> <span class='ocrx_word' id='word_1_713' title='bbox 816 4835 925 4892; x_wconf 85' lang='lat' dir='ltr'><strong>natura,</strong></span> <span class='ocrx_word' id='word_1_714' title='bbox 976 4828 1063 4891; x_wconf 83' lang='lat' dir='ltr'><strong>suites,</strong></span> <span class='ocrx_word' id='word_1_715' title='bbox 1076 4827 1201 4898; x_wconf 81' lang='lat' dir='ltr'><strong>quoniam</strong></span> <span class='ocrx_word' id='word_1_716' title='bbox 1218 4825 1269 4895; x_wconf 82' lang='lat' dir='ltr'><strong>ipsi</strong></span> <span class='ocrx_word' id='word_1_717' title='bbox 1286 4824 1455 4896; x_wconf 74' lang='lat' dir='ltr'><strong>possidebunt</strong></span> <span class='ocrx_word' id='word_1_718' title='bbox 1476 4834 1575 4880; x_wconf 81' lang='lat' dir='ltr'><strong>terram</strong></span> <span class='ocrx_word' id='word_1_719' title='bbox 1599 4822 1709 4896; x_wconf 75' lang='lat' dir='ltr'><strong>lilottli.</strong></span> <span class='ocrx_word' id='word_1_720' title='bbox 1725 4824 1764 4895; x_wconf 82' lang='lat' dir='ltr'><strong>s).</strong></span> 
     </span>
     <span class='ocr_line' id='line_1_51' title="bbox 133 4910 1767 4988; baseline 0.002 -23"><span class='ocrx_word' id='word_1_721' title='bbox 133 4910 194 4981; x_wconf 76' lang='lat' dir='ltr'><strong>jam</strong></span> <span class='ocrx_word' id='word_1_722' title='bbox 218 4918 309 4971; x_wconf 77' lang='lat' dir='ltr'><strong>lanam</strong></span> <span class='ocrx_word' id='word_1_723' title='bbox 328 4913 353 4969; x_wconf 93' lang='lat' dir='ltr'><strong>ei</strong></span> <span class='ocrx_word' id='word_1_724' title='bbox 374 4914 505 4985; x_wconf 78' lang='lat' dir='ltr'><strong>subjecte</strong></span> <span class='ocrx_word' id='word_1_725' title='bbox 525 4922 604 4973; x_wconf 90' lang='lat' dir='ltr'><strong>erant</strong></span> <span class='ocrx_word' id='word_1_726' title='bbox 625 4916 652 4971; x_wconf 92' lang='lat' dir='ltr'><strong>in</strong></span> <span class='ocrx_word' id='word_1_727' title='bbox 667 4916 728 4987; x_wconf 87' lang='lat' dir='ltr'><strong>ejus</strong></span> <span class='ocrx_word' id='word_1_728' title='bbox 744 4916 924 4987; x_wconf 80' lang='lat' dir='ltr'><strong>praescientia.</strong></span> <span class='ocrx_word' id='word_1_729' title='bbox 975 4916 1035 4975; x_wconf 85' lang='lat' dir='ltr'><strong>Nou</strong></span> <span class='ocrx_word' id='word_1_730' title='bbox 1059 4917 1131 4972; x_wconf 89' lang='lat' dir='ltr'><strong>banc</strong></span> <span class='ocrx_word' id='word_1_731' title='bbox 1146 4916 1241 4988; x_wconf 78' lang='lat' dir='ltr'><strong>istique</strong></span> <span class='ocrx_word' id='word_1_732' title='bbox 1262 4925 1434 4988; x_wconf 77' lang='lat' dir='ltr'><strong>praesentem,</strong></span> <span class='ocrx_word' id='word_1_733' title='bbox 1457 4914 1490 4970; x_wconf 83' lang='lat' dir='ltr'><strong>iii</strong></span> <span class='ocrx_word' id='word_1_734' title='bbox 1510 4930 1566 4985; x_wconf 85' lang='lat' dir='ltr'><strong>qua</strong></span> <span class='ocrx_word' id='word_1_735' title='bbox 1591 4914 1717 4970; x_wconf 89' lang='lat' dir='ltr'><strong>crudeles</strong></span> <span class='ocrx_word' id='word_1_736' title='bbox 1738 4920 1767 4969; x_wconf 89' lang='lat' dir='ltr'><strong>et</strong></span> 
     </span>
     <span class='ocr_line' id='line_1_52' title="bbox 138 5000 1768 5076; baseline -0.002 -15"><span class='ocrx_word' id='word_1_737' title='bbox 138 5000 276 5073; x_wconf 61' lang='grc' dir='ltr'><strong>111311νί1</strong></span> <span class='ocrx_word' id='word_1_738' title='bbox 290 5004 318 5059; x_wconf 84' lang='lat' dir='ltr'><strong>in</strong></span> <span class='ocrx_word' id='word_1_739' title='bbox 332 5003 469 5073; x_wconf 71' lang='lat' dir='ltr'><strong>Ecclesim</strong></span> <span class='ocrx_word' id='word_1_740' title='bbox 490 5006 564 5076; x_wconf 85' lang='lat' dir='ltr'><strong>quin,</strong></span> <span class='ocrx_word' id='word_1_741' title='bbox 580 5007 643 5063; x_wconf 89' lang='lat' dir='ltr'><strong>licet</strong></span> <span class='ocrx_word' id='word_1_742' title='bbox 658 5022 719 5063; x_wconf 90' lang='lat' dir='ltr'><strong>eam</strong></span> <span class='ocrx_word' id='word_1_743' title='bbox 734 5007 854 5064; x_wconf 85' lang='lat' dir='ltr'><strong>nandum</strong></span> <span class='ocrx_word' id='word_1_744' title='bbox 869 5010 926 5063; x_wconf 76' lang='lat' dir='ltr'><strong>col·</strong></span> <span class='ocrx_word' id='word_1_745' title='bbox 977 5002 1051 5074; x_wconf 90' lang='lat' dir='ltr'><strong>impii</strong></span> <span class='ocrx_word' id='word_1_746' title='bbox 1074 5004 1192 5058; x_wconf 82' lang='lat' dir='ltr'><strong>maxime</strong></span> <span class='ocrx_word' id='word_1_747' title='bbox 1210 5004 1405 5071; x_wconf 62' lang='lat' dir='ltr'><strong>dominantum</strong></span> <span class='ocrx_word' id='word_1_748' title='bbox 1426 5004 1475 5060; x_wconf 88' lang='lat' dir='ltr'><strong>sed</strong></span> <span class='ocrx_word' id='word_1_749' title='bbox 1490 5004 1565 5060; x_wconf 86' lang='lat' dir='ltr'><strong>illam</strong></span> <span class='ocrx_word' id='word_1_750' title='bbox 1583 5002 1618 5060; x_wconf 83' lang='lat' dir='ltr'><strong>de</strong></span> <span class='ocrx_word' id='word_1_751' title='bbox 1630 5019 1684 5075; x_wconf 82' lang='lat' dir='ltr'><strong>qua</strong></span> <span class='ocrx_word' id='word_1_752' title='bbox 1699 5002 1768 5059; x_wconf 84' lang='lat' dir='ltr'><strong>dicit</strong></span> 
     </span>
     <span class='ocr_line' id='line_1_53' title="bbox 138 5092 1767 5167; baseline 0.001 -20"><span class='ocrx_word' id='word_1_753' title='bbox 138 5094 252 5165; x_wconf 86' lang='lat' dir='ltr'><strong>legisset</strong></span> <span class='ocrx_word' id='word_1_754' title='bbox 263 5110 311 5165; x_wconf 89' lang='lat' dir='ltr'><strong>per</strong></span> <span class='ocrx_word' id='word_1_755' title='bbox 324 5096 552 5162; x_wconf 86' lang='lat' dir='ltr'><strong>miscricordiam,</strong></span> <span class='ocrx_word' id='word_1_756' title='bbox 566 5096 623 5167; x_wconf 79' lang='lat' dir='ltr'><strong>jam</strong></span> <span class='ocrx_word' id='word_1_757' title='bbox 639 5098 770 5153; x_wconf 88' lang='lat' dir='ltr'><strong>tamenin</strong></span> <span class='ocrx_word' id='word_1_758' title='bbox 787 5114 836 5155; x_wconf 88' lang='lat' dir='ltr'><strong>sua</strong></span> <span class='ocrx_word' id='word_1_759' title='bbox 847 5107 927 5155; x_wconf 88' lang='lat' dir='ltr'><strong>aeter·</strong></span> <span class='ocrx_word' id='word_1_760' title='bbox 977 5094 1119 5153; x_wconf 77' lang='lat' dir='ltr'><strong>Psalmlsta</strong></span> <span class='ocrx_word' id='word_1_761' title='bbox 1134 5114 1141 5150; x_wconf 90' lang='lat'>:</span> <span class='ocrx_word' id='word_1_762' title='bbox 1154 5092 1239 5149; x_wconf 75' lang='lat' dir='ltr'><strong>Credo</strong></span> <span class='ocrx_word' id='word_1_763' title='bbox 1253 5096 1338 5150; x_wconf 81' lang='lat' dir='ltr'><strong>uidere</strong></span> <span class='ocrx_word' id='word_1_764' title='bbox 1349 5094 1417 5151; x_wconf 82' lang='lat' dir='ltr'><strong>lonc</strong></span> <span class='ocrx_word' id='word_1_765' title='bbox 1432 5094 1539 5151; x_wconf 80' lang='lat' dir='ltr'><strong>bomini</strong></span> <span class='ocrx_word' id='word_1_766' title='bbox 1549 5097 1577 5149; x_wconf 83' lang='lat' dir='ltr'><strong>in</strong></span> <span class='ocrx_word' id='word_1_767' title='bbox 1592 5104 1663 5150; x_wconf 79' lang='lat' dir='ltr'><strong>terro</strong></span> <span class='ocrx_word' id='word_1_768' title='bbox 1681 5096 1767 5149; x_wconf 76' lang='lat' dir='ltr'><strong>noen-</strong></span> 
     </span>
     <span class='ocr_line' id='line_1_54' title="bbox 137 5181 1765 5259; baseline 0.003 -27"><span class='ocrx_word' id='word_1_769' title='bbox 137 5185 226 5247; x_wconf 64' lang='lat' dir='ltr'><strong>iumce</strong></span> <span class='ocrx_word' id='word_1_770' title='bbox 240 5185 405 5255; x_wconf 62' lang='lat' dir='ltr'><strong>merdepas</strong></span> <span class='ocrx_word' id='word_1_771' title='bbox 419 5186 610 5258; x_wconf 69' lang='lat' dir='ltr'><strong>colligendam,</strong></span> <span class='ocrx_word' id='word_1_772' title='bbox 627 5186 762 5259; x_wconf 60' lang='lat' dir='ltr'><strong>{regnavit</strong></span> <span class='ocrx_word' id='word_1_773' title='bbox 775 5196 802 5245; x_wconf 70' lang='lat' dir='ltr'><strong>eg</strong></span> <span class='ocrx_word' id='word_1_774' title='bbox 816 5190 929 5249; x_wconf 20' lang='lat' dir='ltr'><strong>pulsan..</strong></span> <span class='ocrx_word' id='word_1_775' title='bbox 977 5181 1042 5235; x_wconf 83' lang='lat' dir='ltr'><strong>tinm</strong></span> <span class='ocrx_word' id='word_1_776' title='bbox 1053 5181 1143 5250; x_wconf 78' lang='lat' dir='ltr'><strong>(Psnl.</strong></span> <span class='ocrx_word' id='word_1_777' title='bbox 1153 5182 1239 5256; x_wconf 79' lang='lat' dir='ltr'><strong>xxvi).</strong></span> <span class='ocrx_word' id='word_1_778' title='bbox 1251 5182 1283 5237; x_wconf 83' lang='lat' dir='ltr'><strong>Et</strong></span> <span class='ocrx_word' id='word_1_779' title='bbox 1296 5184 1420 5241; x_wconf 88' lang='lat' dir='ltr'><strong>notaboe</strong></span> <span class='ocrx_word' id='word_1_780' title='bbox 1431 5186 1499 5241; x_wconf 89' lang='lat' dir='ltr'><strong>satis</strong></span> <span class='ocrx_word' id='word_1_781' title='bbox 1515 5184 1765 5241; x_wconf 83' lang='lat' dir='ltr'><strong>moraliterdictunr</strong></span> 
     </span>
     <span class='ocr_line' id='line_1_55' title="bbox 137 5272 1767 5348; baseline 0.001 -21"><span class='ocrx_word' id='word_1_782' title='bbox 137 5273 193 5331; x_wconf 90' lang='lat' dir='ltr'><strong>ctis</strong></span> <span class='ocrx_word' id='word_1_783' title='bbox 219 5276 383 5343; x_wconf 86' lang='lat' dir='ltr'><strong>animabus;</strong></span> <span class='ocrx_word' id='word_1_784' title='bbox 406 5276 480 5347; x_wconf 85' lang='lat' dir='ltr'><strong>quia,</strong></span> <span class='ocrx_word' id='word_1_785' title='bbox 500 5275 563 5331; x_wconf 87' lang='lat' dir='ltr'><strong>licet</strong></span> <span class='ocrx_word' id='word_1_786' title='bbox 585 5276 706 5332; x_wconf 80' lang='lat' dir='ltr'><strong>nmmum</strong></span> <span class='ocrx_word' id='word_1_787' title='bbox 725 5292 778 5334; x_wconf 83' lang='lat' dir='ltr'><strong>cas.</strong></span> <span class='ocrx_word' id='word_1_788' title='bbox 795 5278 927 5335; x_wconf 84' lang='lat' dir='ltr'><strong>salvasset</strong></span> <span class='ocrx_word' id='word_1_789' title='bbox 976 5288 1064 5328; x_wconf 90' lang='lat' dir='ltr'><strong>esse:</strong></span> <span class='ocrx_word' id='word_1_790' title='bbox 1087 5272 1317 5343; x_wconf 81' lang='lat' dir='ltr'><strong>quennadrnodum</strong></span> <span class='ocrx_word' id='word_1_791' title='bbox 1337 5276 1427 5331; x_wconf 89' lang='lat' dir='ltr'><strong>solent</strong></span> <span class='ocrx_word' id='word_1_792' title='bbox 1440 5292 1518 5348; x_wconf 88' lang='lat' dir='ltr'><strong>reges</strong></span> <span class='ocrx_word' id='word_1_793' title='bbox 1540 5276 1583 5333; x_wconf 91' lang='lat' dir='ltr'><strong>bis</strong></span> <span class='ocrx_word' id='word_1_794' title='bbox 1604 5276 1652 5346; x_wconf 80' lang='lat' dir='ltr'><strong>oui</strong></span> <span class='ocrx_word' id='word_1_795' title='bbox 1668 5281 1767 5347; x_wconf 86' lang='lat' dir='ltr'><strong>sponte</strong></span> 
     </span>
     <span class='ocr_line' id='line_1_56' title="bbox 137 5365 1767 5440; baseline 0 -21"><span class='ocrx_word' id='word_1_796' title='bbox 137 5380 189 5435; x_wconf 91' lang='lat' dir='ltr'><strong>per</strong></span> <span class='ocrx_word' id='word_1_797' title='bbox 201 5365 327 5435; x_wconf 88' lang='lat' dir='ltr'><strong>gratiam,</strong></span> <span class='ocrx_word' id='word_1_798' title='bbox 337 5366 394 5436; x_wconf 83' lang='lat' dir='ltr'><strong>jam</strong></span> <span class='ocrx_word' id='word_1_799' title='bbox 411 5377 501 5423; x_wconf 76' lang='lat' dir='ltr'><strong>mareu</strong></span> <span class='ocrx_word' id='word_1_800' title='bbox 512 5367 666 5424; x_wconf 89' lang='lat' dir='ltr'><strong>certissime</strong></span> <span class='ocrx_word' id='word_1_801' title='bbox 679 5368 797 5440; x_wconf 87' lang='lat' dir='ltr'><strong>scriptas</strong></span> <span class='ocrx_word' id='word_1_802' title='bbox 811 5368 928 5424; x_wconf 90' lang='lat' dir='ltr'><strong>babebat</strong></span> <span class='ocrx_word' id='word_1_803' title='bbox 976 5379 1071 5421; x_wconf 87' lang='lat' dir='ltr'><strong>eorum</strong></span> <span class='ocrx_word' id='word_1_804' title='bbox 1082 5365 1382 5435; x_wconf 82' lang='lat' dir='ltr'><strong>subjiciunturditioni,</strong></span> <span class='ocrx_word' id='word_1_805' title='bbox 1396 5375 1496 5423; x_wconf 89' lang='lat' dir='ltr'><strong>terram</strong></span> <span class='ocrx_word' id='word_1_806' title='bbox 1506 5368 1614 5424; x_wconf 85' lang='lat' dir='ltr'><strong>tradere</strong></span> <span class='ocrx_word' id='word_1_807' title='bbox 1623 5366 1767 5437; x_wconf 88' lang='lat' dir='ltr'><strong>possiden-</strong></span> 
     </span>
     <span class='ocr_line' id='line_1_57' title="bbox 138 5454 1755 5530; baseline 0.002 -22"><span class='ocrx_word' id='word_1_808' title='bbox 138 5454 174 5509; x_wconf 85' lang='lat' dir='ltr'><strong>ad</strong></span> <span class='ocrx_word' id='word_1_809' title='bbox 193 5454 287 5509; x_wconf 81' lang='lat' dir='ltr'><strong>vitam.</strong></span> <span class='ocrx_word' id='word_1_810' title='bbox 302 5454 386 5512; x_wconf 71' lang='lat' dir='ltr'><strong>Vides</strong></span> <span class='ocrx_word' id='word_1_811' title='bbox 397 5470 461 5527; x_wconf 88' lang='lat' dir='ltr'><strong>crgo</strong></span> <span class='ocrx_word' id='word_1_812' title='bbox 474 5455 537 5528; x_wconf 83' lang='lat' dir='ltr'><strong>qtria</strong></span> <span class='ocrx_word' id='word_1_813' title='bbox 549 5456 654 5511; x_wconf 90' lang='lat' dir='ltr'><strong>nullum</strong></span> <span class='ocrx_word' id='word_1_814' title='bbox 673 5456 769 5511; x_wconf 88' lang='lat' dir='ltr'><strong>borum</strong></span> <span class='ocrx_word' id='word_1_815' title='bbox 782 5469 928 5527; x_wconf 85' lang='lat' dir='ltr'><strong>regnorum</strong></span> <span class='ocrx_word' id='word_1_816' title='bbox 977 5458 1051 5523; x_wconf 80' lang='lat' dir='ltr'><strong>dant,</strong></span> <span class='ocrx_word' id='word_1_817' title='bbox 1077 5473 1159 5529; x_wconf 84' lang='lat' dir='ltr'><strong>guam</strong></span> <span class='ocrx_word' id='word_1_818' title='bbox 1179 5458 1306 5530; x_wconf 84' lang='lat' dir='ltr'><strong>superbis</strong></span> <span class='ocrx_word' id='word_1_819' title='bbox 1324 5469 1405 5530; x_wconf 88' lang='lat' dir='ltr'><strong>atquc</strong></span> <span class='ocrx_word' id='word_1_820' title='bbox 1426 5460 1573 5516; x_wconf 87' lang='lat' dir='ltr'><strong>rebellibus</strong></span> <span class='ocrx_word' id='word_1_821' title='bbox 1592 5464 1755 5526; x_wconf 80' lang='lat' dir='ltr'><strong>extorquent</strong></span> 
     </span>
     <span class='ocr_line' id='line_1_58' title="bbox 139 5530 1503 5618; baseline 0.004 -17"><span class='ocrx_word' id='word_1_822' title='bbox 139 5544 197 5601; x_wconf 84' lang='lat' dir='ltr'><strong>Deo</strong></span> <span class='ocrx_word' id='word_1_823' title='bbox 211 5546 252 5601; x_wconf 90' lang='lat' dir='ltr'><strong>rel</strong></span> <span class='ocrx_word' id='word_1_824' title='bbox 265 5546 356 5618; x_wconf 87' lang='lat' dir='ltr'><strong>potuit</strong></span> <span class='ocrx_word' id='word_1_825' title='bbox 368 5546 412 5603; x_wconf 83' lang='lat' dir='ltr'><strong>vel</strong></span> <span class='ocrx_word' id='word_1_826' title='bbox 426 5554 517 5618; x_wconf 91' lang='lat' dir='ltr'><strong>potest</strong></span> <span class='ocrx_word' id='word_1_827' title='bbox 532 5548 677 5605; x_wconf 86' lang='lat' dir='ltr'><strong>advenire:</strong></span> <span class='ocrx_word' id='word_1_828' title='bbox 690 5555 718 5603; x_wconf 89' lang='lat' dir='ltr'><strong>et</strong></span> <span class='ocrx_word' id='word_1_829' title='bbox 738 5530 800 5603; x_wconf 75' lang='lat' dir='ltr'><strong>i‘deo</strong></span> <span class='ocrx_word' id='word_1_830' title='bbox 819 5545 870 5603; x_wconf 88' lang='lat' dir='ltr'><strong>iste</strong></span> <span class='ocrx_word' id='word_1_831' title='bbox 885 5562 928 5603; x_wconf 91' lang='lat' dir='ltr'><strong>re·</strong></span> <span class='ocrx_word' id='word_1_832' title='bbox 1235 5546 1437 5608; x_wconf 76' lang='lat' dir='ltr'><strong>cabilonum</strong></span> <span class='ocrx_word' id='word_1_833' title='bbox 1456 5550 1503 5606; x_wconf 82' lang='lat' dir='ltr'><strong>xl.</strong></span> 
     </span>
    </p>

    <p class='ocr_par' dir='ltr' id='par_1_7' title="bbox 138 5636 1773 5811">
     <span class='ocr_line' id='line_1_59' title="bbox 138 5636 1641 5713; baseline 0.002 -21"><span class='ocrx_word' id='word_1_834' title='bbox 138 5636 187 5707; x_wconf 89' lang='lat' dir='ltr'><strong>gui</strong></span> <span class='ocrx_word' id='word_1_835' title='bbox 204 5636 338 5697; x_wconf 85' lang='lat' dir='ltr'><strong>adrentus</strong></span> <span class='ocrx_word' id='word_1_836' title='bbox 351 5653 406 5695; x_wconf 89' lang='lat' dir='ltr'><strong>non</strong></span> <span class='ocrx_word' id='word_1_837' title='bbox 420 5642 446 5698; x_wconf 93' lang='lat' dir='ltr'><strong>ci</strong></span> <span class='ocrx_word' id='word_1_838' title='bbox 461 5640 509 5697; x_wconf 89' lang='lat' dir='ltr'><strong>sed</strong></span> <span class='ocrx_word' id='word_1_839' title='bbox 524 5640 604 5698; x_wconf 89' lang='lat' dir='ltr'><strong>nobis</strong></span> <span class='ocrx_word' id='word_1_840' title='bbox 623 5640 761 5711; x_wconf 87' lang='lat' dir='ltr'><strong>optandus</strong></span> <span class='ocrx_word' id='word_1_841' title='bbox 779 5646 862 5711; x_wconf 85' lang='lat' dir='ltr'><strong>atque</strong></span> <span class='ocrx_word' id='word_1_842' title='bbox 881 5654 927 5709; x_wconf 89' lang='lat' dir='ltr'><strong>pe·</strong></span> <span class='ocrx_word' id='word_1_843' title='bbox 1123 5640 1210 5697; x_wconf 81' lang='lat' dir='ltr'><strong>Tertio</strong></span> <span class='ocrx_word' id='word_1_844' title='bbox 1221 5642 1330 5711; x_wconf 83' lang='lat' dir='ltr'><strong>petilio:</strong></span> <span class='ocrx_word' id='word_1_845' title='bbox 1341 5641 1374 5696; x_wconf 83' lang='lat' dir='ltr'><strong>Ut</strong></span> <span class='ocrx_word' id='word_1_846' title='bbox 1388 5644 1437 5713; x_wconf 73' lang='lat' dir='ltr'><strong>pict</strong></span> <span class='ocrx_word' id='word_1_847' title='bbox 1452 5641 1572 5697; x_wconf 77' lang='lat' dir='ltr'><strong>volontas</strong></span> <span class='ocrx_word' id='word_1_848' title='bbox 1585 5640 1641 5695; x_wconf 80' lang='lat' dir='ltr'><strong>liei.</strong></span> 
     </span>
     <span class='ocr_line' id='line_1_60' title="bbox 138 5728 1773 5811; baseline 0.002 -27"><span class='ocrx_word' id='word_1_849' title='bbox 138 5728 285 5799; x_wconf 78' lang='lat' dir='ltr'><strong>stulandus</strong></span> <span class='ocrx_word' id='word_1_850' title='bbox 298 5736 352 5789; x_wconf 89' lang='lat' dir='ltr'><strong>cst.</strong></span> <span class='ocrx_word' id='word_1_851' title='bbox 371 5728 489 5795; x_wconf 70' lang='lat' dir='ltr'><strong>Advenit</strong></span> <span class='ocrx_word' id='word_1_852' title='bbox 502 5732 575 5803; x_wconf 77' lang='lat' dir='ltr'><strong>enirn</strong></span> <span class='ocrx_word' id='word_1_853' title='bbox 590 5732 671 5791; x_wconf 90' lang='lat' dir='ltr'><strong>nobis</strong></span> <span class='ocrx_word' id='word_1_854' title='bbox 690 5748 803 5807; x_wconf 86' lang='lat' dir='ltr'><strong>regnum</strong></span> <span class='ocrx_word' id='word_1_855' title='bbox 820 5734 928 5789; x_wconf 82' lang='lat' dir='ltr'><strong>aetcmi-</strong></span> <span class='ocrx_word' id='word_1_856' title='bbox 1015 5731 1078 5790; x_wconf 80' lang='lat' dir='ltr'><strong>Fint</strong></span> <span class='ocrx_word' id='word_1_857' title='bbox 1094 5732 1214 5789; x_wconf 78' lang='lat' dir='ltr'><strong>colunias</strong></span> <span class='ocrx_word' id='word_1_858' title='bbox 1230 5742 1287 5804; x_wconf 80' lang='lat' dir='ltr'><strong>tuo,</strong></span> <span class='ocrx_word' id='word_1_859' title='bbox 1307 5743 1360 5791; x_wconf 89' lang='lat' dir='ltr'><strong>cte.</strong></span> <span class='ocrx_word' id='word_1_860' title='bbox 1375 5733 1528 5802; x_wconf 69' lang='lat' dir='ltr'><strong>degentum</strong></span> <span class='ocrx_word' id='word_1_861' title='bbox 1543 5731 1620 5811; x_wconf 84' lang='lat' dir='ltr'><strong>regni</strong></span> <span class='ocrx_word' id='word_1_862' title='bbox 1641 5729 1773 5808; x_wconf 69' lang='lat' dir='ltr'><strong>sequutus,</strong></span> 
     </span>
    </p>
   </div>
   <div class='ocr_carea' id='block_1_5' title="bbox 0 0 2005 6340">
    <p class='ocr_par' dir='ltr' id='par_1_8' title="bbox 0 0 2005 6340">
     <span class='ocr_line' id='line_1_61' title="bbox 0 0 2005 6340; baseline 0 0"><span class='ocrx_word' id='word_1_863' title='bbox 0 0 2005 6340; x_wconf 95' lang='lat' dir='ltr'><strong> </strong></span> 
     </span>
    </p>
   </div>
  </div>
 </body>
</html>
