4000 6350
229 335 283 395 888
723 321 908 380 dentosum
928 318 1055 377 tlttotltl
1076 317 1205 375 uastis
1225 316 1379 373 ttouscttt
1801 316 1851 375 836

224 462 346 521 terquas
361 447 509 506 Veronam.
522 444 551 499 lu
564 456 618 514 qua
635 439 784 497 lutharius
809 439 932 496 i'raneus
952 452 1014 491 eum
1030 447 1052 502 Α
1067 436 1120 489 dux
1139 434 1240 505 Spoleti
1256 433 1356 489 Carula
1368 448 1397 488 se
1411 430 1512 495 snlrdit,
1527 432 1639 502 ejusque
1654 430 1769 501 qratiam
1784 433 1851 485 niul-

223 560 310 601 uxure
329 538 503 599 carlomanni
515 549 543 592 et
566 537 622 591 illio
645 536 703 605 ejus
729 535 828 597 latens,
846 546 877 588 se
891 545 955 587 num
971 528 1013 585 eis
1068 530 1102 582 tis
1119 526 1278 581 rmmeribus
1293 525 1411 581 redimit.
1433 522 1508 579 Obiit
1521 530 1633 582 sanetus
1646 522 1784 579 sturmius
1797 524 1850 591 pri·

224 635 280 705 regi
294 632 406 687 dedidit.
432 629 573 699 adelgisus
597 640 661 681 rero
680 623 811 680 liesirlerii
827 622 899 691 regis
923 619 1009 683 nltrrr,
1065 634 1125 674 mars
1144 618 1230 673 abbas
1244 617 1399 673 Fuldensis.
1422 618 1508 690 (788.)
1527 618 1642 675 Carolus
1668 616 1775 672 albiam
1801 615 1851 670 liu·

223 727 269 796 qui
284 725 347 780 illue
375 722 492 794 ingerat,
515 722 578 777 indo
603 720 725 789 elapsus,
749 712 1012 783 eonsumiuapoltm
1066 708 1139 761 ιιὶιιιιι
1164 707 1385 777 transgredilur3
1409 706 1501 775 ibique
1522 705 1625 775 ineius
1648 706 1764 776 gratiana
1788 705 1852 761 liar-

223 818 304 889 lnpit.
318 815 494 871 obsidionem
509 813 684 882 Papiensiunr
710 810 863 881 pestilentia
889 804 1013 863 mortali·
1064 797 1418 868 dogaverrseserltardanae
1442 799 1625 869 baptizantur.
1649 796 1774 854 Tirassilo
1799 800 1850 853 dur

222 913 286 967 mig
297 918 471 980 aggravante,
485 906 581 960 civitas
600 905 658 975 pegi
672 904 770 961 Cpq-010
785 902 916 971 aperitur,
935 899 1013 955 ὓς.)-
1066 890 1195 959 lujoatlae
1218 899 1314 943 collita
1329 888 1456 946 Corolttttl
1486 890 1599 945 Uibenni
1624 890 1734 945 ltol'ialu
1760 891 1851 946 178οᾗ8

221 1004 313 1057 derius
323 1015 384 1054 curn
400 1012 485 1052 rixare
499 1007 527 1051 et
537 996 603 1057 salia,
618 1004 645 1050 et
658 994 764 1049 eunetis
784 991 952 1062 principibus
966 1005 1011 1041 aa·
1064 998 1133 1045 strar,
1153 997 1212 1051 qua·
1226 989 1286 1037 erat
1297 982 1350 1035 lilia
1369 982 1503 1037 liesirlerii
1524 982 1606 1052 regis.
1618 990 1646 1037 et
1655 981 1785 1038 exsilium
1801 998 1850 1053 pa·

221 1096 360 1163 pitur,'et
382 1099 511 1161 perpetuo
542 1087 638 1142 exsilio
668 1087 701 1142 ad
724 1084 824 1141 Gallias
851 1080 1011 1135 aGilorerlo
1063 1073 1114 1132 tris
1126 1074 1167 1129 sui
1184 1089 1232 1143 per
1244 1074 1370 1127 maritum
1386 1089 1463 1129 sumu
1480 1074 1620 1128 viudirare
1631 1074 1763 1129 tentabat.

221 1180 363 1239 beodieusi
385 1182 512 1249 episeopo
534 1176 667 1246 dirigitur.
692 1172 830 1241 Quidquid
850 1185 899 1241 per
923 1169 1008 1224 multa
1099 1162 1162 1217 787.
1180 1161 1236 1217 lan
1248 1161 1406 1231 imperator,
1419 1177 1480 1217 oum
1499 1162 1600 1218 insanit
1614 1164 1763 1232 sarpiditale
1777 1166 1851 1221 eirea

221 1286 343 1343 temporo
359 1269 527 1341 Langobardi
547 1264 681 1322 itomanis
702 1262 880 1326 abstulerant,
896 1259 1010 1315 Carolus
1063 1250 1167 1321 lapides
1178 1250 1325 1321 pretiosos.
1339 1250 1476 1307 adamavit
1488 1266 1614 1321 taragnam
1631 1252 1760 1309 Ecclesiae
1771 1270 1851 1309 roro-

219 1370 259 1425 eis
275 1366 403 1423 restituit.
415 1366 507 1433 Regno
523 1376 588 1417 uero
600 1354 842 1428 Langobardorum
859 1354 1008 1415 destructo,
1063 1359 1137 1410 llam,
1149 1353 1176 1398 et
1190 1342 1328 1413 accipiens
1344 1343 1463 1412 portarit
1476 1357 1549 1406 eam,
1564 1352 1590 1399 et
1602 1344 1727 1401 exierunt
1737 1347 1851 1403 rarbun-

220 1466 305 1512 totana
321 1456 424 1510 ltaliam
445 1455 497 1509 sub
517 1453 579 1522 iure
604 1450 681 1517 regni
706 1446 875 1518 Francorum
897 1442 1007 1513 redigit,
1061 1434 1113 1489 culi
1130 1434 1259 1502 incapite
1278 1430 1337 1501 ejas
1351 1470 1360 1499 ,
1376 1442 1403 1487 et
1420 1442 1542 1504 raptusa
1562 1434 1637 1491 febre
1659 1445 1782 1497 nrortuus
1798 1448 1850 1493 est.

219 1557 281 1617 pust
296 1546 521 1603 annosdueentus
539 1550 567 1599 et
579 1553 707 1611 quatuor,
722 1554 756 1593 ex
768 1551 823 1606 quo
835 1533 1007 1604 Langobardi
1060 1524 1138 1599 llady
1150 1528 1280 1585 ammiras
1294 1529 1394 1585 nrultos
1419 1531 1561 1601 utriusque
1583 1546 1665 1589 sexus
1679 1548 1728 1602 pro
1739 1533 1851 1589 Christo

219 1637 335 1693 initalia
358 1651 471 1706 regnare
484 1641 638 1703 eoeperant.
663 1630 737 1686 ltalia
761 1643 838 1692 rero,
854 1635 884 1681 ut
898 1625 936 1679 ait
947 1625 1010 1692 Epi·
1060 1616 1358 1689 nativitatemque
1374 1620 1506 1674 orationis
1529 1636 1611 1677 causa
1628 1623 1703 1679 radit
1725 1624 1849 1691 llornam,

219 1731 330 1795 uranius,
343 1730 377 1783 ab
390 1730 508 1796 Augusta
530 1725 656 1794 praetoria
685 1733 771 1788 usque
795 1720 822 1774 ia
848 1714 1002 1771 Calabriam
1062 1708 1152 1776 ibique
1166 1709 1284 1780 liliiejus
1297 1710 1465 1781 inungantur
1479 1712 1505 1767 iu
1525 1728 1614 1783 reges.
1632 1713 1765 1785 l’ippinus
1779 1715 1849 1772 lilius

219 1821 387 1884 interiorem,
412 1820 438 1872 iu
463 1832 516 1885 qna
538 1814 697 1869 Graecorum
712 1821 739 1865 et
758 1806 1009 1863 beneventanorum
1026 1794 1152 1855 BCaroli
1166 1816 1199 1856 ex
1226 1802 1377 1859 concubina
1405 1804 1557 1873 baratinatus
1581 1807 1617 1862 ab
1639 1808 1762 1865 Adriano
1780 1824 1849 1879 papa

218 1914 336 1971 corrllnia
356 1917 439 1971 sunt,
457 1910 547 1964 decies
570 1912 735 1971 contumel
758 1899 1007 1968 eoamplius,pas-
1062 1890 1200 1962 inungitur
1228 1892 1255 1945 in
1281 1908 1374 1962 regent
1401 1892 1495 1959 ltaliae,
1519 1893 1673 1952 Ludorieus
1704 1897 1730 1951 in
1759 1913 1848 1969 regam

218 2020 296 2061 suum
309 2003 427 2058 millibus
447 1999 618 2070 longitudine
643 1994 801 2067 porrigitur.
814 1990 911 2045 Filiam
926 1987 1008 2043 liesi-
1059 1984 1224 2051 Aquuautae,
1252 1999 1341 2040 antros
1364 1994 1483 2056 quatuor
1502 1996 1579 2044 naurs
1595 2004 1628 2043 ex
1645 1997 1734 2045 marre
1754 1988 1847 2045 unqe.

217 2099 285 2155 derii
301 2080 541 2165 mirobardamm
559 2088 630 2159 regia
645 2087 760 2140 duierat
774 2080 900 2145 Carolus,
914 2093 1008 2151 qnam,
1059 2075 1151 2145 garde,
1171 2090 1233 2131 euna
1261 2076 1347 2133 tratre
1361 2094 1411 2135 suo
1426 2080 1554 2152 perrrello.
1572 2096 1644 2136 auno
1659 2081 1766 2137 Domini
1781 2082 1846 2149 778,

217 2190 351 2245 incertum
366 2200 418 2255 que
433 2185 465 2237 de
481 2188 754 2248 cause,postaunum
774 2173 936 2245 repudiarit.
1061 2164 1137 2233 ertjrrs
1154 2164 1239 2222 irater
1253 2182 1321 2237 pene
1343 2172 1418 2239 prius
1442 2181 1564 2227 mortuus
1578 2181 1631 2236 est,
1654 2188 1736 2242 quam
1753 2180 1846 2228 natae.

250 2278 313 2334 775.
332 2274 528 2332 Constantinus
551 2280 645 2325 eontra
674 2266 805 2336 Bulgares
833 2263 934 2330 radit;
960 2263 1007 2318 sed
1059 2253 1211 2311 lliaadlrur.
1225 2259 1384 2328 quadrimus
1398 2262 1483 2318 armis
1504 2261 1555 2318 sibi
1581 2263 1711 2332 ‹ortgruis
1739 2263 1847 2319 indutus

215 2385 270 2441 pax
283 2373 409 2426 intereos
424 2365 563 2423 convertit.
578 2362 636 2417 Non
651 2362 736 2417 multo
749 2369 811 2430 post
827 2368 932 2426 ruptoa
949 2356 1009 2411 liul-
1058 2356 1112 2401 est.
1133 2346 1235 2405 Eodem
1251 2366 1324 2405 anno
1352 2352 1415 2421 titia
1429 2353 1521 2426 Caroli
1546 2354 1626 2411 Gissa
1646 2354 1785 2421 baptizata
1806 2363 1848 2409 est

215 2459 328 2529 paritius
352 2465 443 2527 paeto,
469 2451 662 2509 Currsmutinus
676 2465 722 2506 eos
743 2464 777 2504 ex
792 2446 941 2517 tnrprorisa
957 2461 1007 2514 eg·
1060 2438 1237 2497 llettdmia
1263 2442 1368 2499 Tbunra
1395 2444 1612 2516 archiepiscopo.
1642 2444 1771 2501 'lirassilo
1793 2447 1846 2500 dus

216 2562 338 2617 pressus,
353 2544 479 2602 nobiliter
499 2543 532 2597 de
544 2542 585 2597 eis
600 2539 788 2609 triumpharit.
801 2537 917 2592 Carolus
934 2536 1008 2605 sigi·
1059 2530 1191 2601 baioariae
1206 2549 1254 2603 per
1278 2534 1428 2591 Adrianunt
1450 2550 1547 2605 papam
1574 2535 1671 2593 carolo
1688 2535 1847 2591 reconcilia.

215 2640 299 2693 draelr
314 2644 437 2692 rastrum
460 2636 601 2690 Saxonum
617 2630 687 2700 capit
707 2644 715 2683 r
735 2636 800 2685 tune
815 2644 876 2683 euru
887 2628 928 2683 eis
940 2640 1005 2681 eou-
1060 2629 1116 2677 tur.
1137 2623 1228 2695 (788.)
1249 2623 1315 2679 Post
1329 2624 1448 2681 Leonem
1460 2642 1528 2683 uxor
1540 2625 1639 2703 ilii-ene
1652 2642 1714 2682 eum
1731 2626 1787 2681 ulio
1797 2642 1847 2681 sau

215 2729 294 2798 digit,
307 2735 335 2782 et
349 2726 458 2782 arietis
472 2724 583 2780 obsides
596 2724 673 2793 paris
687 2721 796 2791 aceipit.
1060 2710 1241 2771 turstanum
1259 2715 1377 2787 imperat
1391 2717 1469 2773 erraris
1480 2717 1585 2775 decent.
1612 2716 1845 2787 Constantinopoli

250 2819 314 2875 778.
334 2815 532 2873 Constarrtirms
550 2814 699 2883 imperator
726 2810 802 2881 plaga
831 2810 941 2879 pessimi
958 2807 1002 2862 iu·
1057 2802 1166 2873 qnidam
1192 2803 1320 2861 luminant
1345 2819 1457 2862 auream
1484 2807 1589 2862 intonit
1606 2846 1614 2871 ,
1629 2816 1657 2862 et
1671 2806 1741 2861 inea
1758 2807 1845 2860 rirum

214 2909 306 2966 eendii
329 2906 459 2963 divinitus
486 2919 651 2974 percussus,
667 2911 695 2957 et
708 2900 830 2955 elaruaus
853 2900 1007 2955 edituo-ri·
1052 2891 1192 2962 iacentem
1209 2912 1272 2952 eum
1288 2899 1341 2953 irae
1365 2900 1503 2969 scriptura
1519 2914 1527 2953 r
1543 2898 1664 2955 corium
1680 2911 1803 2954 ιιιιιιιιιι
1814 2916 1847 2953 ee

214 3018 313 3058 rusae
346 2996 391 3072 qui
402 3014 461 3055 sum
477 2995 694 3066 inexstinguibili
707 2995 865 3061 traditus)
889 2994 1025 3048 misera··
1056 2985 1601 3057 sirpinellaria,etcredointumtsul
1629 2990 1802 3045 Constantino
1821 3002 1844 3047 st

214 3091 438 3150 biliterntoritur.
467 3089 532 3143 Post
553 3102 632 3157 quem
656 3089 750 3142 eodem
767 3101 840 3141 arrrro
854 3084 1002 3142 llubdallas
1062 3075 1169 3143 multe,
1184 3078 1262 3146 0⁸01,
1278 3082 1374 3135 iterum
1391 3097 1431 3135 me
1445 3081 1554 3139 sirlebir.
1568 3080 1692 3137 Saxotres
1703 3081 1845 3147 rebellant,

214 3187 346 3243 ammiras
360 3183 496 3239 aroritur:
512 3191 669 3251 postquem
692 3177 787 3232 iladar
809 3187 905 3250 regnat
923 3181 1003 3235 urrais
1018 3147 1041 3210 C
1056 3179 1084 3226 et
1101 3186 1116 3226 a
1131 3170 1234 3228 Carolo
1247 3170 1323 3238 victi,
1351 3171 1498 3230 seditiosos
1520 3174 1557 3238 ei,
1585 3189 1671 3244 usrpre
1682 3174 1717 3230 ad
1729 3187 1845 3246 quatuor

213 3294 323 3335 notem.
347 3278 377 3333 ln
402 3274 481 3330 ltalia
510 3272 671 3343 quibusdam
705 3271 880 3327 rebellionem
906 3279 1001 3328 eoutra
1058 3262 1142 3318 millii
1170 3264 1314 3330 ducentos,
1334 3265 1508 3330 ῑΐθᾶΰῐῑῑιθῑ
1530 3265 1641 3321 obsides
1659 3266 1684 3319 ¹¹5
1709 3267 1844 3321 tribmmt.
1932 3319 1938 3331 .

212 3371 335 3427 Francos
352 3366 558 3432 meditantibus,
572 3364 689 3420 Carolus
712 3374 808 3419 eorrtra
833 3378 881 3420 eos
904 3366 1002 3431 radit3
1056 3355 1144 3430 (783.)
1164 3357 1265 3412 lterum
1286 3357 1409 3414 Saxones
1425 3356 1566 3425 rebellant,
1580 3369 1634 3414 eta
1651 3357 1750 3414 Cando
1779 3373 1845 3430 petre

213 3464 308 3518 urbem
331 3460 431 3516 Forum
452 3457 516 3513 tulii
538 3456 631 3526 eapit;
648 3456 744 3510 alurem
758 3457 818 3524 ejus
830 3455 1002 3527 liutgaugrqq
1057 3463 1143 3518 usque
1158 3450 1192 3504 ad
1206 3452 1419 3508 internecionem
1434 3449 1569 3506 delentur.
1584 3449 1657 3506 Obiit
1670 3448 1843 3519 llrldeqardis

214 3551 373 3606 rebellionis
400 3551 568 3604 incentorem
591 3547 720 3604 decollari
747 3546 841 3612 lacit,
868 3557 1002 3618 captaque
1055 3543 1149 3610 regina
1168 3545 1256 3614 pridie
1270 3545 1403 3602 liniendas
1417 3546 1479 3602 llaii
1499 3547 1526 3599 iu
1553 3545 1647 3616 vigilia
1667 3544 1844 3604 dseerrsionia

212 3643 338 3698 'tarvisio
351 3640 430 3705 urbe,
449 3639 556 3695 sartoris
568 3638 709 3706 rarajeslate
725 3637 844 3693 nominis
859 3638 901 3693 sui
916 3646 1003 3692 terro-
1055 3633 1175 3701 Domini,
1194 3644 1221 3692 el
1235 3638 1261 3691 in
1275 3639 1370 3694 eodem
1384 3653 1456 3694 anno
1468 3637 1545 3692 beata
1564 3637 1666 3706 regina.
1780 3649 1783 3654 ⁴

213 3748 270 3788 rem
282 3732 389 3787 incutit.
414 3729 569 3785 saxonibus
591 3720 762 3783 lleresbureb
778 3736 899 3783 castrum
922 3727 994 3783 obsi·
1091 3725 1151 3780 tot.
1171 3725 1237 3783 item
1251 3728 1372 3784 Saxones
1386 3737 1414 3785 et
1426 3728 1556 3786 Frisones
1574 3729 1706 3784 rebellant
1727 3737 1755 3782 et
1785 3727 1842 3782 uin·

210 3826 350 3889 dentibus,
362 3823 447 3896 gloria
463 3823 513 3878 liei
532 3837 613 3892 super
637 3819 790 3876 Ecclesiam
804 3819 929 3891 apparuit
940 3835 1001 3874 um·
1053 3828 1162 3873 euntur.
1173 3817 1324 3889 Westpbali
1342 3819 1468 3875 edat-ola
1486 3818 1541 3876 lilio
1555 3819 1646 3875 Caroli
1657 3819 1840 3873 debellantur.

212 3919 307 3984 nibus,
327 3918 434 3973 duobus
455 3916 541 3972 seutis
564 3915 715 3985 sanguineo
744 3914 836 3970 colore
859 3913 1002 3968 damulae·
1053 3906 1841 3982 (lib-illarulusSaxonlamdepopulatur.llarlpammiras
1916 3935 1922 3942 ’

211 4012 297 4082 tibus,
309 4019 336 4065 et
347 4006 483 4080 quosdam
494 4015 586 4061 motus
604 4015 633 4059 ut
650 4007 677 4060 iu
702 4006 774 4061 bello
792 4019 841 4075 per
853 4019 917 4060 aera
930 4004 1001 4060 dan-
1054 3997 1170 4056 moritur
1184 4018 1192 4056 ι
1208 4010 1268 4071 post
1280 4017 1360 4074 quem
1375 4002 1481 4074 lloyses
1505 4014 1600 4074 regnat
1622 4005 1703 4059 arratis
1723 4003 1838 4059 orreum.

212 4104 295 4160 tibus.
310 4101 425 4158 Carolus
448 4098 597 4154 saxoniam
613 4097 686 4152 reiut
705 4103 856 4168 tempestas
873 4099 998 4169 proterit,
1052 4095 1236 4151 Witielrindns
1244 4102 1272 4150 et
1284 4092 1382 4148 Albion
1395 4096 1477 4150 dtrees
1488 4093 1624 4150 Saxonum
1637 4094 1734 4150 Carolo
1746 4108 1840 4148 reeen-

212 4193 376 4250 munitiones
397 4191 533 4259 irrumpit,
549 4197 577 4244 et
592 4189 625 4244 ad
648 4189 699 4242 boo
721 4203 769 4243 eos
792 4188 909 4258 impetit,
925 4194 954 4242 ut
967 4203 998 4243 se
1052 4187 1134 4242 riliati
1155 4185 1354 4255 baptizantur;
1372 4195 1399 4240 et
1418 4193 1509 4242 motus
1526 4185 1664 4241 Saxonum
1687 4185 1839 4255 rrprimtm-

210 4293 238 4342 et
248 4284 363 4356 patriam
378 4283 403 4339 ei
416 4283 525 4341 dedant,
544 4287 572 4335 et
583 4278 655 4334 datis
667 4277 809 4334 obsidibus
822 4293 852 4334 se
864 4277 997 4334 Cirristia-
1053 4283 1109 4332 tur.
1130 4277 1228 4349 (788.)
1241 4275 1357 4334 Carolus
1371 4276 1524 4348 Adulplrum
1536 4279 1735 4334 seneschallum
1761 4293 1837 4334 snum

211 4391 261 4432 uos
275 4374 381 4430 loturos
395 4371 554 4442 spondeant.
574 4367 663 4441 (777.)
692 4365 761 4423 Post
784 4367 997 4424 Constantinum
1052 4379 1148 4425 eontra
1169 4367 1311 4426 Brittones
1338 4369 1422 4425 mittit
1437 4388 1443 4425 :
1457 4377 1486 4426 et
1497 4385 1546 4440 per
1562 4385 1624 4426 eum
1639 4370 1723 4425 nrarlm
1737 4369 1838 4424 Britta-

211 4466 352 4522 beolilius
368 4461 428 4532 ejus
453 4462 568 4531 imperat
590 4459 669 4514 annis
688 4459 819 4530 quinque.
850 4459 997 4516 Witiebiu·
1016 4483 1038 4538 D
1055 4476 1118 4516 uum
1145 4468 1245 4529 eastra,
1273 4469 1301 4517 et
1323 4460 1461 4530 principes
1486 4475 1582 4517 eorum
1610 4463 1692 4533 sapit.
1715 4459 1774 4516 oua
1792 4479 1838 4520 rex

210 4558 262 4613 dus
274 4555 328 4610 dux
350 4554 489 4609 Saxonum
515 4551 543 4606 in
566 4551 764 4607 llormauuiam
779 4551 859 4622 sugit.
876 4549 999 4608 Saxones
1054 4552 1219 4608 llereiorum
1237 4554 1361 4624 repararit
1372 4553 1451 4608 annis
1463 4554 1654 4623 quadraginta,
1671 4569 1725 4608 nuo
1738 4555 1836 4612 ruirrus.

209 4645 337 4717 baptisati
367 4643 555 4715 paciscuntur,
583 4656 613 4699 ut
635 4643 831 4715 ingenuitatem
859 4657 948 4708 suam,
970 4649 1000 4696 et
1050 4641 1194 4711 Epierdum
1208 4643 1303 4708 illium,
1315 4650 1459 4712 antequam
1474 4653 1636 4706 moreretur,
1660 4657 1753 4714 regern
1773 4659 1841 4698 eurr·-

208 4731 504 4805 omaiasuaperdant,
534 4733 557 4787 si
576 4747 694 4803 unquam
718 4731 878 4788 aidelitate
893 4731 998 4788 illusisti
1049 4735 1157 4790 stituit:
1174 4734 1219 4803 qni
1236 4742 1598 4802 quatuortamnnrmeuses
1623 4735 1759 4804 regnarit.
1774 4731 1837 4787 Post

208 4823 319 4896 strepis
341 4823 487 4880 desistant.
511 4822 625 4881 Carolus
649 4823 675 4879 in
697 4821 998 4893 llispaniacarsar-du·
1048 4839 1129 4896 quem
1150 4823 1320 4894 llenulpbus.
1358 4824 1513 4882 Ludorieus
1542 4840 1609 4898 puer
1640 4826 1713 4883 lilius
1747 4823 1835 4882 Caroli

207 4923 315 4986 gustatu
329 4914 463 4970 vastando
479 4915 561 4979 delet,
587 4909 754 4987 Papiloniaqr
780 4914 898 4980 obsidet,
924 4930 998 4983 epate·
1052 4915 1182 4972 octennis
1209 4916 1279 4969 bene
1305 4915 1419 4984 equitat.
1441 4914 1555 4986 Signum
1570 4915 1661 4972 erneis
1675 4917 1703 4969 iu
1715 4915 1836 4972 restibus

208 5021 263 5076 que
283 5016 372 5081 captae
394 5006 480 5063 muris
502 5008 661 5072 destruetis,
687 5006 852 5074 Waseones,
873 5006 995 5075 duosque
1047 5007 1189 5062 bominum
1206 5017 1331 5077 apparet.
1345 5005 1629 5079 (787.)Postlluysen
1643 5009 1735 5062 Aaron
1751 5007 1836 5060 imur

209 5097 410 5155 Saracenorum
435 5099 543 5170 regulos
557 5099 609 5154 sibi
634 5098 758 5169 subigit,
773 5097 933 5168 aliquasque
948 5114 995 5151 ur·
1046 5097 1105 5166 ejus
1119 5097 1266 5154 Saracenis
1283 5108 1379 5168 regnat
1391 5100 1470 5154 aunis
1487 5099 1583 5170 uiginti
1597 5108 1624 5153 et
1640 5113 1704 5153 uno.
1720 5097 1836 5152 Cautius

206 5191 256 5247 bes
269 5190 296 5244 in
321 5190 483 5247 deditionem
509 5190 618 5260 accipit.
643 5189 770 5246 Saxones
804 5203 887 5245 suasu
913 5187 995 5244 wart·
1045 5189 1160 5244 llomam
1178 5189 1252 5244 venit
1266 5205 1274 5255 ;
1288 5195 1420 5244 eteontra
1437 5187 1607 5260 lleregisum,
1622 5189 1771 5245 Beneuenti
1786 5189 1835 5244 du·

207 5284 300 5342 ebindi
323 5283 467 5358 franciam
481 5293 603 5339 atterunt
614 5301 622 5351 3
635 5285 683 5339 sed
698 5301 712 5338 a
727 5283 826 5341 carolo
840 5284 914 5349 victi,
931 5283 993 5352 luga
1044 5294 1104 5336 cem
1117 5273 1200 5335 uadit.
1213 5277 1377 5348 llereqisuus
1389 5280 1547 5335 muneribus
1556 5291 1584 5337 et
1597 5281 1738 5336 absidibus
1751 5281 1835 5345 alatis.

207 5375 258 5431 sibi
269 5373 425 5431 eonsuiuut.
447 5371 577 5431 Tbelieus
592 5373 693 5444 liniger
707 5374 741 5429 ad
767 5373 887 5429 Leonem
908 5373 993 5442 impe·
1044 5369 1159 5441 gratiam
1176 5369 1234 5440 ejus
1252 5369 1370 5425 redimit.
1385 5367 1487 5424 Bellum
1500 5368 1571 5424 inter
1587 5371 1692 5423 Avares
1707 5379 1736 5422 et
1748 5368 1834 5424 Fraus-

207 5475 324 5521 raturem
337 5464 406 5535 fugit
417 5481 427 5521 r
437 5479 517 5536 quem
543 5465 709 5535 bapizatum'
725 5463 781 5530 bro
799 5465 942 5536 patricium
954 5463 995 5519 la·
1043 5471 1089 5512 ⁰⁰8
1106 5461 1202 5513 oritur·
1222 5457 1338 5529 Sullanis
1349 5459 1383 5514 tie
1400 5457 1833 5530 coetaetterraprodmu.(188.)

207 5557 253 5610 etr.
266 5555 354 5626 (ils.)
374 5555 429 5612 lan
443 5557 593 5624 irnperator
616 5554 723 5627 syriam
737 5553 992 5612 lncnrsar.carams
1044 5547 1170 5605 Tuassito
1183 5551 1236 5604 dux
1252 5548 1386 5618 bajoarie
1412 5559 1508 5606 eontra
1530 5549 1657 5606 carolum
1687 5566 1751 5608 reus
1774 5569 1831 5605 ιιι-

208 5644 235 5698 ἱιι
269 5645 387 5699 saxonia
408 5706 411 5712 ·
430 5643 604 5714 westphalos
629 5643 680 5698 sibi
723 5643 862 5717 subjugat.
896 5646 992 5718 (779.)
1040 5642 1149 5712 poetalis
1164 5641 1344 5712 adirrdtaamr.
1371 5642 1475 5700 Utttlea
1494 5643 1591 5699 earam
1609 5653 1738 5700 attonsus
1769 5660 1829 5699 eum

202 5733 377 5817 (clareamus
399 5734 561 5805 Balearibus
595 5734 764 5795 dominatur.
795 5737 989 5797 lliltebraudus
1044 5734 1368 5809 lilioeiuailreodunein
1386 5735 1713 5807 utorrasterioreleqatur.
1732 5736 1760 5792 ln
1780 5737 1830 5792 lta·
