4000 6350
124 315 179 374 aar
591 377 595 386 ,
715 313 911 376 numurus.
930 341 964 360 --
981 313 1156 374 onomius
1697 323 1755 401 sp

126 430 229 494 iudicia
244 429 392 488 multorum
408 427 526 486 consilia
540 427 729 499 perduxerint,
743 431 770 486 ni
787 429 852 488 latis
866 429 915 486 ini·
928 433 953 492 a
965 435 995 483 ct
1007 441 1071 484 cum
1097 428 1197 486 stadiis
1211 441 1306 486 nornrn
1329 428 1514 499 familiaritas.
1530 447 1592 506 nou
1601 424 1749 498 ‘editarum

126 525 189 598 quis
200 522 332 594 optimum
352 518 418 575 illud
433 517 587 575 institutum
601 518 722 574 auctoris
741 518 838 574 mirare
849 533 916 574 cen·
965 532 1043 590 uque
1056 534 1088 574 ac
1104 519 1269 576 ineditarum
1278 522 1413 593 ejusmodi
1423 523 1629 582 adnotationum
1641 530 1750 601 copiam

125 615 248 673 uidisset.
264 610 405 682 Siquidem
420 624 454 666 co
476 616 637 680 perventum
648 608 704 678 jam
722 618 795 676 erat,
813 616 846 664 ut
859 609 915 664 rel·
965 604 1064 664 iecisse
1077 617 1177 680 potest,
1190 619 1220 666 ct
1232 626 1329 666 vereor
1344 628 1379 669 nc
1393 613 1514 670 uirorum
1524 615 1673 674 illustrium
1684 635 1751 676 cou-
1773 609 1779 623 ⁸

125 710 165 764 uti
181 705 273 778 digitis
303 703 416 760 ulterior
441 701 622 771 investigandi
646 701 742 758 modus
752 710 916 758 monstrare·
962 698 1243 770 iecturasoaasdam
1260 711 1292 757 ut
1312 704 1441 770 aliorum,
1467 709 1619 778 occuparit.
1636 709 1752 781 Egomet

124 809 183 866 tur,
195 807 223 854 et
245 796 324 852 raldo
339 797 423 852 etiarn
447 791 586 863 suspicor,
601 792 691 862 magni
708 789 848 860 cniusrlam
865 805 914 848 un-
963 791 1214 858 salemanniam
1241 791 1295 848 illis
1310 794 1351 852 uti
1376 790 1541 868 marsisque
1561 799 1653 869 basaa,
1670 817 1750 863 mnn-

123 891 210 948 minis
234 888 336 946 eruditi
365 886 464 942 lamam
491 881 568 940 baud
598 898 697 952 parum
730 879 913 952 periclitatam
963 890 1165 938 stranlcmana
1190 883 1451 954 cujusdameruditi
1479 891 1584 946 nostris
1609 891 1751 952 laboribus

123 982 224 1049 luisse,
240 981 263 1038 si
280 995 325 1036 res
341 978 412 1033 ultra
433 972 625 1047 processisset.
637 971 796 1029 Gravissimi
809 973 914 1044 pondo·
963 973 1093 1044 laventis,
1109 975 1288 1034 vehementer
1298 978 1429 1046 optarim.

125 1071 166 1128 ris
177 1071 311 1128 indicium
323 1077 464 1140 postremo
479 1071 654 1136 suggesserat
666 1065 779 1132 ipscrnst
790 1061 836 1120 ille
851 1061 914 1126 Fri·
999 1065 1039 1123 De
1057 1067 1141 1138 ipsius
1155 1067 1279 1124 thboiii
1294 1069 1322 1124 in
1333 1069 1492 1140 Ligurinum
1505 1074 1665 1146 specimina,
1676 1077 1750 1149 quod

124 1163 237 1220 doricus
245 1161 379 1226 liocbius‚
388 1157 510 1214 candore
521 1154 606 1212 nobili
616 1151 698 1212 simul
710 1169 741 1210 ac
749 1163 910 1226 temperato.
963 1157 997 1214 ad
1014 1157 1145 1216 formulas
1157 1173 1192 1216 ac
1203 1160 1340 1216 editiones
1350 1159 1409 1228 iant
1427 1163 1559 1222 lirinus.
1572 1166 1688 1224 Exstant
1698 1185 1750 1224 nn·

122 1255 191 1310 llam
204 1263 306 1324 quanta
334 1253 483 1321 cupiditate
506 1263 561 1305 non
576 1247 667 1304 nrinus
688 1261 720 1302 ac
742 1247 912 1317 impudentia
964 1257 1019 1305 tem
1031 1258 1061 1306 st
1077 1249 1138 1307 alias
1152 1251 1204 1308 riri
1218 1251 1368 1309 doctissimi
1387 1253 1413 1308 in
1427 1251 1590 1326 L'gurinum
1604 1258 1749 1328 cumeurn.

122 1347 233 1416 quidam
247 1343 344 1401 emditi
361 1343 467 1398 Binrtaii
486 1341 640 1412 posthumis
655 1340 797 1405 tnltartnt,
813 1339 912 1410 inipso
963 1355 1010 1404 rae.
1026 1341 1191 1411 qtribasrlam
1206 1344 1243 1399 ab
1259 1343 1307 1398 ilio
1319 1344 1403 1402 editis
1423 1345 1501 1417 quasi
1516 1345 1634 1404 ludendo
1647 1347 1751 1421 dispcr-

121 1435 281 1511 prostantis
292 1435 345 1491 riri
356 1435 450 1490 statim
463 1431 560 1490 inncrs
569 1432 746 1490 observatum
759 1440 812 1498 est,
824 1446 911 1502 ouqrte
962 1447 1011 1488 sac.
1024 1432 1064 1488 lta
1082 1434 1171 1490 loeurn
1182 1432 1303 1506 ligurini
1317 1435 1476 1493 felicissirne
1495 1439 1668 1494 emcrrdatsra
1680 1440 1749 1512 lepi-

123 1528 254 1586 notabilis
268 1525 376 1582 llaumil
395 1523 474 1581 locos
489 1523 572 1596 (iila
962 1539 1042 1593 tuus,
1070 1523 1194 1580 Orationi
1217 1527 1245 1580 in
1267 1526 1422 1581 maranata
1452 1527 1626 1598 consessionis
1654 1531 1750 1601 Aspu-

157 1619 262 1675 Bortlrii
275 1624 322 1676 τοῦ
336 1619 485 1692 μακαρίτου
495 1614 566 1688 (cros
580 1613 911 1684 sepeliendiibdrersariis
960 1625 1046 1670 stanoe
1063 1613 1122 1687 (lo)
1145 1615 1308 1687 subjccmnr.
1323 1615 1461 1676 Plurimos
1479 1625 1582 1685 autem,
1598 1619 1748 1690 ipsumam,

121 1706 311 1761 imminuerant
329 1705 390 1776 jorn
406 1705 521 1772 dadam,
533 1703 557 1759 si
572 1719 625 1759 non
649 1719 757 1774 soporas
773 1714 800 1758 ut
826 1712 910 1760 ratrrt·
960 1721 1084 1763 scorsum
1103 1704 1163 1777 (77)
1182 1706 1331 1776 exhibitas,
1355 1708 1482 1780 precibus
1507 1709 1615 1779 publice
1634 1712 1751 1783 prolatis

120 1798 202 1854 triers
215 1798 299 1852 inuito
311 1796 475 1852 nobilissimo
495 1794 582 1850 Viduo
602 1809 708 1850 oannes.
725 1793 765 1850 ido
781 1793 908 1850 nintlrmn
925 1767 1014 1852 nlauc
1028 1811 1116 1867 usquc
1130 1798 1232 1854 irttslra
1246 1799 1430 1869 deposcimus.
1448 1795 1478 1856 lu
1493 1800 1665 1870 conjicienda
1687 1802 1749 1861 Wi-

120 1890 314 1945 riiissrcrtma
328 1889 375 1942 iait
392 1885 536 1942 Hortinae
550 1901 600 1942 aaa
618 1885 665 1940 der
684 1885 767 1955 Lupe.
787 1887 834 1942 aed
857 1903 909 1955 pu·
962 1885 1066 1945 tbolus
1087 1903 1142 1944 non
1160 1903 1223 1944 raro
1237 1887 1314 1958 lolia,
1340 1893 1475 1960 quantum
1496 1893 1608 1962 quidem
1637 1898 1748 1966 asssqm

121 1981 188 2036 ilica
211 1997 242 2035 rs
266 1980 403 2036 reatbarrs
417 1991 535 2043 coactas.
555 1987 617 2034 roto
640 1977 798 2048 Epirrdlmn
822 1989 910 2033 mensa
959 1975 1051 2046 potuit
1073 1979 1200 2035 acumine
1213 1978 1262 2036 'rel
1283 1980 1417 2037 memoria
1439 1990 1580 2049 veteram
1595 1984 1666 2040 idem
1681 2000 1749 2042 scra

119 2072 373 2143 deproperotomnt
386 2077 478 2140 postea
491 2071 582 2139 aliano
591 2069 756 2126 entendntitta
769 2069 909 2124 montanis-
959 2066 1056 2122 modim
1068 2066 1212 2126 latinitatis
1225 2079 1279 2126 uon
1300 2071 1446 2128 admodum
1466 2069 1579 2142 'gnaras
1590 2083 1620 2130 et
1633 2075 1661 2130 in
1679 2076 1749 2148 ipsis

119 2179 183 2217 anna
199 2161 445 2233 terripudium
460 2159 603 2228 satisfacit.
958 2153 1082 2226 bitorini
1090 2157 1210 2216 lontibus
1219 2161 1403 2232 nequidquam
1411 2172 1545 2220 uersatus.
1557 2162 1623 2221 lade
1645 2165 1748 2226 lactum

158 2253 373 2310 Adrrotationum
388 2253 478 2318 inrue
494 2251 578 2322 (lasp-
593 2248 710 2316 barthii,
728 2258 826 2323 prater
839 2265 907 2322 pau·
958 2256 989 2303 at
1010 2250 1118 2306 auctori
1139 2250 1286 2324 aliquoties
1305 2253 1418 2326 adinpat
1431 2266 1526 2314 contra
1543 2257 1662 2316 indolem
1686 2259 1748 2332 sios

120 2358 171 2399 cas
191 2344 253 2400 illas
270 2345 367 2408 editas,
391 2338 510 2400 debenda
539 2344 629 2400 adbuc
648 2343 906 2413 inclamantium
958 2334 1020 2404 wli.
1034 2340 1163 2398 nimimm
1173 2353 1271 2400 macta
1284 2357 1354 2416 pene
1373 2359 1506 2404 reuocans
1514 2347 1550 2403 ad
1560 2357 1685 2406 normam
1696 2365 1749 2408 an·

119 2433 333 2504 nrinorquirleut
346 2433 373 2489 ln
389 2431 572 2500 ddtsrsariin
588 2443 657 2504 quas
673 2435 706 2490 ad
721 2449 810 2492 ccxxx
822 2433 903 2490 modo
959 2433 1042 2502 dquae
1056 2435 1217 2496 venustatis.
1231 2435 1303 2505 anon
1326 2435 1436 2492 critices
1459 2437 1570 2494 modam
1587 2440 1747 2498 excedentis

120 2521 226 2580 ibrum
246 2522 564 2594 communionemque
584 2522 706 2594 liparini
726 2525 845 2582 meando
860 2523 907 2580 dc·
958 2524 1056 2579 vitium
1068 2533 1097 2580 et
1115 2525 1141 2579 in
1167 2525 1228 2581 allis
1242 2525 1420 2590 advertimus.
1444 2540 1531 2600 suque
1546 2529 1581 2586 de
1594 2532 1747 2602 corruptis·

120 2629 196 2672 nrum
232 2601 353 2672 dicatum
379 2614 566 2686 percepimus;
595 2609 699 2686 reliqua
728 2617 847 2672 maxima
879 2615 907 2673 lu
958 2613 1029 2675 simo
1043 2611 1168 2684 Ligurinl
1185 2622 1260 2670 terta
1275 2616 1375 2672 nimias
1387 2618 1515 2688 querelas
1536 2633 1664 2692 manuam
1682 2638 1747 2694 par-

118 2709 244 2777 nobedis,·
258 2709 286 2764 ni
300 2707 391 2764 lorsau
406 2705 572 2762 alterutrum
592 2705 739 2776 aliqnando
763 2707 908 2780 prutraaa-
959 2713 1014 2762 tem
1028 2705 1179 2762 existimes.
1201 2704 1313 2762 Grande
1336 2716 1468 2776 proterea
1495 2703 1683 2782 supercilium,
1696 2729 1746 2769 au·

120 2808 175 2858 mr.
191 2800 292 2856 Earum
309 2814 371 2870 qnae
392 2799 512 2856 vidimus
538 2798 705 2856 brevissimae
728 2811 835 2865 annates,
851 2799 908 2870 pls·
957 2793 1035 2850 dacia
1046 2794 1171 2866 petulans
1182 2793 1241 2866 (78)
1255 2806 1283 2852 et
1297 2795 1480 2855 inverecunda
1496 2801 1638 2860 temeritas
1660 2803 1687 2858 in
1700 2803 1748 2875 ju·

119 2905 237 2962 mutuus
249 2891 340 2959 nudae,
358 2890 460 2962 sapius
480 2887 610 2956 audaces,
623 2885 697 2944 baud
716 2903 779 2946 raro
801 2887 906 2955 felices,
958 2885 1084 2940 dicandis
1096 2885 1168 2943 aliis.
1184 2885 1306 2958 Denique
1319 2902 1372 2942 nou
1387 2903 1488 2960 paucas
1508 2893 1715 2952 emendationes
1729 2910 1748 2952 a

120 2985 270 3056 aliquoties
291 2983 446 3040 temerariae
467 2989 497 3038 ct
526 2979 585 3040 sola
615 2981 746 3038 anemoria
770 2980 907 3051 proiluen-
957 2973 1079 3044 Pitlrmo,
1099 2976 1291 3049 llittersbusio,
1305 2977 1421 3036 Bnrtltio
1443 2993 1649 3055 proocmpatas
1670 2986 1748 3042 iuro-

120 3085 172 3134 tss.
187 3073 257 3146 (75),
271 3083 301 3129 ιιι
317 3073 405 3129 lerme
427 3071 536 3129 subitae.
557 3067 693 3128 Nimirum
723 3069 852 3128 Bartbius
868 3074 907 3128 in·
959 3067 1062 3135 nimos,
1084 3080 1187 3138 easque
1213 3066 1327 3140 singuiis
1361 3070 1548 3126 restituendas
1576 3075 1747 3143 putarimus.

118 3166 192 3239 flubii
207 3165 348 3239 nnjndicii
372 3165 490 3223 acumini
515 3172 543 3223 sl
560 3163 701 3221 immensa
727 3163 907 3223 decipimus
959 3157 1064 3229 Quippe
1080 3157 1151 3227 qtmd
1168 3155 1288 3214 witlam
1303 3159 1472 3231 temporibus
1486 3169 1581 3217 uelata
1591 3163 1651 3233 jam
1661 3164 1747 3221 editio

119 3259 178 3315 mis
191 3258 293 3330 optima
306 3272 422 3328 quanm
446 3256 537 3325 debet,
555 3255 777 3315 meditationibus
798 3269 905 3328 param.
958 3244 1062 3320 pridem
1076 3253 1244 3315 innotuerat,
1255 3262 1373 3317 eumque
1388 3248 1503 3307 iortaito
1516 3254 1678 3313 eonncrdssc
1698 3270 1748 3313 ue·

118 3348 191 3405 llice
204 3363 315 3421 quoquc
327 3363 383 3405 nou
401 3348 476 3417 aliis,
491 3356 598 3405 tantum
612 3348 725 3413 suimet,
736 3348 904 3419 exemplum,
957 3349 1012 3413 quo
1028 3340 1138 3410 probari
1152 3341 1249 3411 possit,
1265 3354 1353 3407 amne
1365 3341 1433 3397 adeo
1445 3342 1567 3399 'censuri

117 3456 153 3499 ac
166 3440 356 3497 onninoriris
371 3438 570 3507 neomaenias,
583 3452 653 3511 quos
672 3438 783 3511 qrtidem
804 3440 905 3497 rectius
992 3430 1211 3497 Recettiitssimffi.
1225 3442 1295 3503 mm
1307 3429 1445 3499 novimus.
1462 3433 1489 3488 in
1504 3432 1663 3506 Ligurinum
1678 3447 1748 3494 eon·

116 3532 257 3605 suspicias
271 3548 353 3603 quam
367 3531 492 3589 imiteris.
953 3526 1070 3599 iectura·
1083 3524 1354 3583 sauromatarum
1374 3520 1499 3582 Vonckii.
1515 3527 1637 3601 Exiguus
1651 3539 1743 3589 autem

155 3624 293 3683 Feruntur
307 3633 335 3682 nt
356 3622 453 3695 Lipsii,
468 3622 623 3681 l'asaubnni
645 3630 673 3679 et
694 3620 810 3689 ilsinsil,
828 3636 906 3680 sum·
956 3630 1053 3675 carum
1067 3629 1199 3674 numerus
1222 3622 1251 3673 at
1264 3617 1355 3673 rarius
1368 3623 1494 3685 acumen,
1509 3630 1550 3686 ut.
1567 3621 1590 3675 si
1605 3630 1660 3679 tres
1677 3618 1762 3695 qua·⁴

116 3730 228 3773 moram
241 3715 363 3771 virorum
379 3714 406 3769 in
421 3708 582 3785 Ligurinum
606 3706 823 3777 emundationes,
837 3724 906 3783 quas
956 3717 1055 3771 morra
1066 3708 1219 3781 exceperis,
1235 3708 1347 3779 reliqua
1368 3708 1515 3779 depravent
1534 3714 1625 3782 potius
1639 3721 1744 3769 textum

116 3806 230 3879 quidem
258 3820 355 3865 omncs
378 3804 472 3861 ridere
499 3800 622 3858 nondum
643 3800 768 3873 coartiglt.
783 3798 907 3859 lleminii
956 3816 1039 3873 quam
1052 3801 1195 3872 arllurant.
1207 3800 1415 3870 nebusomnino
1426 3810 1477 3874 ego
1485 3802 1635 3857 doctissimi
1650 3811 1746 3859 aucto·

116 3901 227 3957 illarum
238 3912 321 3965 unus,
332 3911 412 3969 quem
428 3896 527 3962 sciam,
539 3893 698 3960 Witbobm,
720 3894 748 3949 iu
764 3892 810 3949 illo
827 3892 906 3951 titulo
957 3894 997 3951 ris
1016 3902 1044 3972 pt
1058 3892 1174 3948 illustris
1188 3902 1253 3947 cum
1268 3891 1316 3947 illo
1331 3891 1407 3947 Saxii
1431 3891 1534 3962 judicio
1546 3891 1718 3947 subscribam
1735 3908 1743 3945 r

116 3994 252 4049 nnrrtiatn
268 3990 408 4049 editionis.
423 3986 567 4061 Frequens
589 3984 629 4043 llll
651 4000 714 4043 cnm
728 3984 816 4043 doctis
825 3972 905 4041 Buta·
955 3986 1050 4057 plnres
1072 3983 1189 4055 penum
1204 3984 1328 4041 maculas
1342 3981 1466 4054 tigurini
1489 3981 1566 4037 libris
1580 3982 1665 4038 luisse
1679 3981 1744 4037 abs-

117 4086 175 4151 ris‚
193 4086 220 4141 in
233 4084 331 4156 primis
343 4082 500 4137 dormanno
515 4086 684 4151 praeceptore
697 4076 904 4143 commercium,
955 4084 1056 4134 tersas.

157 4242 258 4315 pilii..
272 4256 338 4311 a.p.
353 4238 467 4297 nuso.
701 4302 717 4317 ..
991 4233 1050 4305 (77)
1069 4230 1165 4288 liaiser
1186 4228 1347 4287 Friedrielrs
1368 4226 1519 4284 erdiclttstc
1541 4224 1739 4298 liopitretnup,
1794 4214 1798 4222 ’

157 4314 215 4397 (75)
231 4311 388 4380 Exemplum
414 4310 498 4391 babes
521 4306 734 4363 inlldversarns
761 4302 789 4357 d.
820 4300 904 4403 lidii,
956 4318 1026 4387 anun
1050 4317 1120 4358 rteoe
1146 4301 1363 4385 beneistlriamsr
1379 4299 1459 4353 ncbst
1482 4296 1561 4380 siner
1578 4296 1665 4351 stello
1690 4310 1741 4351 aas

117 4370 850 4565 ¹¹¹³!&titaniattttmntrpntt·
956 4365 1742 4560 mmtarantasiambalantiis:

117 4518 678 4667 illitatititttltltllt
701 4527 904 4662 silli'l'ssn
956 4507 1502 4662 lltltlttllllltttttl..ltili
1526 4506 1743 4645 aslianna}

118 4660 277 4717 veronulla
293 4670 405 4729 prorsus
420 4660 570 4713 editionum
584 4662 671 4722 nequa
695 4650 795 4732 soctan,¹
814 4664 902 4719 usquc
958 4650 1061 4707 Stellen
1073 4663 1124 4708 aus
1142 4648 1274 4705 Guntberr
1286 4644 1427 4720 Ligurino.
1438 4641 1505 4701 iord.
1519 4644 1600 4701 litt.

121 4733 189 4803 [ntis
201 4746 210 4797 ;
223 4742 318 4784 omncs
343 4728 453 4785 omnino
465 4727 560 4795 uerbis,
574 4734 603 4780 ut
620 4725 677 4793 ipse
704 4720 832 4779 Barthms
849 4720 902 4775 alio
994 4721 1051 4792 till)
1066 4722 1286 4778 drrdarissirnunt
1302 4720 1428 4774 criticum
1443 4715 1561 4787 appellnt
1575 4730 1627 4771 rau
1644 4714 1744 4773 Stare·

120 4802 214 4859 rnddit
225 4800 350 4925 ssdrers.
365 4810 391 4879 p.
404 4796 497 4867 2599).
959 4807 1009 4848 ren
1028 4792 1056 4846 itt
1069 4790 1219 4847 liisceilnn.
1236 4790 1366 4846 obserant.
1377 4788 1436 4841 crit.
1451 4787 1535 4840 aronis.

158 4870 215 4943 (76)
252 4868 373 4939 utsburp
387 4861 468 4933 ital,
485 4864 531 4922 [οἱ.

261 5791 397 5853 Parnon.
416 5782 539 5850 ccxli.
