4000 6350
249 277 304 336 ars
801 263 804 272 '
834 278 1015 338 connitum
1035 273 1305 335 ctsrunctuvsts
1822 280 1884 335 aso

249 375 436 466 conveniunt,
453 399 529 450 tanto
545 394 720 465 praestantius
733 391 869 465 quoddam
883 395 986 451 bonum
998 393 1039 450 el·
1054 397 1076 454 Α
1089 390 1160 445 sime
1178 387 1313 444 dicendus
1334 391 1396 453 est;
1416 399 1480 440 nam
1502 383 1566 441 lieet
1583 401 1617 440 cx
1636 385 1726 442 veritis
1747 402 1883 444 nonnun-

251 483 358 540 ticittot.
374 482 451 540 Unde
470 491 498 539 et
519 483 585 540 illud
607 500 744 541 sumntum
768 485 886 550 bonurn,
901 487 946 542 cui
969 485 1038 540 nibil
1089 497 1171 554 quant
1183 477 1407 550 alicujusmclior
1418 491 1516 533 seusus
1529 477 1589 531 elici
1604 486 1704 547 queat.
1719 494 1802 549 quam
1819 481 1882 552 ipse

251 573 348 630 deesse
360 581 466 643 potest,
481 575 517 628 ita
531 573 640 630 diffiniri
661 576 748 642 solet,
762 585 794 632 ut
816 577 925 632 dicator
949 584 1038 634 status
1088 578 1184 628 auctor
1207 569 1343 632 habitarit,
1360 573 1521 622 nontamen
1538 566 1590 621 boc
1603 576 1645 622 est
1660 569 1750 623 aliena
1766 570 1879 640 legere,

252 663 374 719 emnium
393 663 528 720 bonorum
540 669 752 738 congregatione
761 667 910 739 periectos.
923 667 985 724 llaec
996 669 1040 723 ni·
1088 664 1137 718 sed
1165 662 1276 733 propria
1300 659 1489 717 commentari.
1514 657 1622 715 Scimus
1646 662 1742 730 utique
1764 677 1818 718 nos
1849 664 1882 719 in

251 756 352 810 mirum
366 754 461 811 estilla
475 770 602 826 suprema
608 757 748 815 beatitudo
762 761 951 818 retributionis
959 767 1039 816 aeter·
1088 753 1141 808 boo
1155 753 1288 823 opusculo
1301 752 1424 826 quedam
1443 753 1512 808 satis
1529 751 1708 823 disputabilia
1728 753 1879 823 tetigisse,

251 857 303 908 nte,
329 843 402 900 Deus
426 845 571 912 videlieet,
598 850 720 904 omnium
744 850 878 907 bonorum
902 851 981 920 sinis,
1005 864 1039 905 ae
1088 852 1129 907 et,
1146 840 1236 898 ut'sic
1250 857 1359 913 quoque
1381 840 1590 913 proverbialiter
1608 842 1711 898 dictum
1727 851 1785 908 est,
1802 845 1881 899 velut

227 1004 232 1011 Ι
251 943 439 1012 remunerator
452 945 479 992 et
492 938 645 1008 proemium,
659 939 700 994 Ad
713 941 788 996 bunc
799 943 893 1013 procul
905 942 988 999 dubio
1005 942 1039 998 q.
1089 949 1172 1004 super
1185 949 1288 1004 prunas
1303 932 1355 989 sub
1373 934 1466 990 cinere
1487 933 1604 988 latentes
1619 932 1701 988 nudis
1718 935 1881 992 ambulasse

252 1040 327 1088 nent,
343 1027 435 1082 omnia
451 1029 523 1085 bona
538 1045 599 1101 quae
615 1032 657 1087 uel
676 1031 704 1086 in
721 1031 831 1090 bomine
848 1041 927 1098 sulit,
943 1035 985 1091 vel
1004 1035 1039 1091 ab
1087 1027 1221 1096 vestigiis.
1235 1024 1264 1080 ln
1278 1025 1378 1097 quibus
1391 1033 1481 1080 tamen
1494 1025 1569 1080 omni
1581 1023 1723 1092 diligentia
1737 1025 1879 1082 calamum

251 1115 363 1172 bomine
375 1117 458 1187 liunt,
475 1119 593 1176 finaliter
605 1121 700 1178 reierri
716 1122 830 1179 debent.
843 1133 870 1178 ot
883 1124 910 1178 in
924 1125 984 1194 ipso
1001 1125 1039 1178 le·
1088 1124 1240 1189 temperare
1253 1118 1420 1178 curavimus·
1432 1125 1461 1171 ιιῑ
1475 1116 1544 1171 nihil
1559 1115 1613 1171 ³5⁸5
1629 1131 1724 1172 wilm
1740 1131 1773 1173 ²0
1787 1117 1878 1188 bium,

251 1209 340 1263 liciter
360 1212 556 1268 consummari.
573 1211 651 1278 Quod
666 1214 738 1268 enim
750 1229 801 1270 neo
820 1215 853 1270 ad
870 1215 922 1271 boo
937 1216 1037 1271 bonnm
1088 1207 1678 1281 siquisrectenobiseumintelligat‚paginae
1685 1208 1878 1264 mandaretur.

251 1296 400 1356 intentione
421 1300 559 1372 dirigitur,
585 1317 635 1358 nec
661 1301 721 1373 ejbs
743 1304 886 1374 adeptione
909 1319 1039 1362 consum.
1089 1297 1225 1365 Quainre
1235 1299 1258 1354 si
1268 1298 1334 1366 qnid
1346 1296 1416 1353 iorte
1427 1296 1569 1352 nobtseum
1579 1301 1699 1350 erratum
1709 1300 1763 1355 est,
1773 1294 1819 1348 vel
1827 1309 1880 1347 no·

251 1395 363 1459 matur,
385 1388 413 1444 id
438 1406 489 1447 uec
507 1391 573 1448 boni
594 1390 705 1462 quidem
726 1391 906 1461 appellatione
925 1392 1038 1464 dignum
1089 1389 1497 1455 straeimbecillitati,velrerum
1506 1385 1628 1456 ipsarum
1637 1383 1791 1440 difficultati
1799 1384 1879 1439 ride·

251 1489 304 1536 est.
322 1480 353 1535 ln
370 1481 412 1538 bis
426 1482 519 1554 itaque
532 1482 630 1548 bonis,
645 1481 698 1537 tria
720 1481 778 1538 b'aec
791 1481 826 1538 de
839 1482 939 1553 quibus
959 1471 1039 1539 nobis
1088 1479 1162 1535 bitur
1176 1478 1453 1550 imputandumlllud
1467 1483 1542 1533 certe
1556 1476 1628 1533 scire
1640 1477 1770 1531 volumus
1779 1490 1880 1530 omnes

251 1571 385 1628 hacteuus
398 1571 545 1630 dissertant
566 1579 628 1639 est,
656 1573 728 1628 inter
749 1575 885 1644 precipua
908 1573 1039 1628 virtutum
1089 1572 1188 1643 quibus
1203 1565 1786 1631 inmanumveneritnosterhiceodicillus,
1802 1567 1878 1620 banc

251 1675 333 1730 opera
354 1661 496 1732 magisque
517 1661 689 1729 eommunia,
713 1669 741 1718 et
765 1663 896 1732 pluribus
911 1675 1039 1718 necessa·
1088 1664 1170 1719 nobis
1179 1661 1265 1718 luisse
1277 1661 1468 1729 intentionem,
1476 1667 1535 1714 tum
1544 1665 1575 1714 ut
1583 1657 1617 1714 tle
1630 1657 1713 1714 rebus
1728 1658 1877 1721 hactenus,

251 1750 307 1818 ria,
320 1751 355 1807 ab
370 1751 414 1806 bis
428 1753 475 1822 qul
497 1751 654 1822 diligentius
673 1752 835 1812 attendunt.
857 1753 945 1808 solent
965 1755 1041 1810 aesti-
1055 1729 1075 1784 B
1090 1762 1120 1811 ut
1130 1754 1277 1820 credimus,
1290 1753 1455 1810 indiscussis
1463 1751 1554 1824 aliqua
1569 1751 1736 1814 diceremus,
1747 1758 1808 1804 tum
1816 1765 1879 1804 rna·

251 1838 334 1896 mari.
368 1837 508 1910 Siquidem
535 1854 584 1896 sua
616 1841 724 1911 penitus
757 1841 931 1912 relinquere,
965 1844 1040 1914 quod
1090 1844 1426 1902 ximeutbacoceasione
1439 1838 1877 1912 nostrantuposteruntrater·

251 1928 385 1988 Bomiuus
413 1929 441 1985 in
470 1929 616 2002 Evangelio
644 1946 700 1986 non
728 1929 806 2002 jubet
839 1933 887 1988 sed
921 1935 1040 1990 consulit
1090 1952 1133 1993 tue
1144 1937 1269 1993 ebaritati
1285 1936 1425 1992 humiliter
1438 1935 1692 1992 commendaremus
1703 1934 1878 1990 memoriam.

253 2021 693 2094 (naitonumcontinentiam
717 2037 842 2090 servare,
869 2024 942 2096 quod
967 2023 1040 2080 idem
1090 2025 1185 2098 Neque
1208 2026 1281 2082 enim
1308 2025 1418 2081 laudent
1438 2024 1520 2082 nobis
1537 2026 1632 2082 senari
1655 2040 1722 2082 cura
1746 2032 1801 2092 est,
1828 2024 1879 2080 ssd

254 2111 379 2168 Salvator
394 2127 449 2168 non
471 2113 550 2184 jubet
567 2113 689 2185 quidem,
707 2115 756 2171 sed
778 2117 909 2186 Apostolo
929 2117 1041 2188 reliquit
1090 2115 1212 2174 latorem
1225 2115 1368 2172 bominum
1384 2122 1488 2172 nostrae
1501 2113 1684 2188 professionis
1697 2125 1812 2188 captare
1826 2131 1878 2172 ro·

252 2203 448 2260 consulendum
473 2201 506 2272 ti
520 2203 584 2262 Gor.
600 2203 667 2276 vu).
691 2203 843 2277 Utrumque
858 2205 957 2263 borum
980 2223 1040 2265 ma·
1090 2205 1192 2261 luimus
1205 2222 1213 2273 ;
1228 2210 1259 2260 ot
1273 2218 1324 2276 pro
1336 2203 1433 2284 labore
1446 2220 1502 2277 quo
1517 2207 1592 2262 cirea
1608 2221 1654 2262 res
1669 2205 1755 2271 istas,
1771 2221 1804 2262 ac
1818 2221 1878 2260 ma·-

252 2311 336 2367 gnum
357 2295 486 2368 quidem,
502 2295 551 2353 sed
566 2311 657 2352 rarum
673 2304 732 2365 est;
749 2298 841 2354 necin
856 2308 930 2354 tanta
945 2315 1042 2358 neces·
1089 2297 1163 2353 xime
1185 2297 1260 2352 circa
1285 2296 1439 2352 orationem
1460 2295 1667 2362 desudavimus,
1695 2297 1777 2352 liceat
1796 2297 1879 2353 nobis

252 2388 334 2444 sitate
345 2388 463 2458 positum
474 2385 792 2460 ;quoniainsineillisad
806 2390 1042 2463 vitamnmlttpoo.
1090 2387 1150 2460 pias
1168 2402 1263 2444 cerum
1281 2387 1421 2444 orationes
1438 2397 1608 2459 exspectare.
1626 2387 1689 2444 llaec
1706 2389 1788 2444 uobis
1806 2405 1879 2444 mer-

252 2479 375 2534 veniunt.
391 2479 477 2536 Orare
491 2485 583 2536 autem
605 2495 638 2536 ac
655 2479 783 2551 jejunare
797 2489 824 2537 et
839 2482 1041 2556 eleemosynam
1090 2494 1137 2537 ecs
1157 2495 1190 2536 ex
1214 2479 1269 2535 boc
1292 2477 1387 2534 labore
1412 2479 1572 2549 proveniat,
1589 2487 1617 2536 et
1631 2495 1682 2538 nos
1696 2494 1810 2551 operam
1825 2496 1878 2536 no·

252 2571 565 2643 laceregerteraliterad
578 2586 687 2628 omnem
702 2572 820 2643 pertinet
833 2572 1039 2632 Christianum:
1090 2580 1176 2628 stram
1202 2569 1307 2625 utiliter
1331 2569 1480 2639 posuisse,
1510 2577 1539 2626 ct
1565 2571 1710 2627 nobiseum
1738 2572 1879 2643 eleganter

253 2670 370 2720 eatenus
382 2670 412 2718 ut
424 2663 448 2721 si
462 2665 526 2737 quis
541 2663 634 2721 babila
648 2663 798 2734 laenitate,
813 2680 846 2722 ea
862 2667 953 2724 lacere
974 2683 1042 2724 con-
1091 2671 1182 2718 actum
1211 2676 1274 2718 esse
1288 2660 1448 2718 iateblnur.
1475 2659 1616 2733 Siquidem
1633 2668 1694 2732 post
1713 2661 1878 2718 immensam

253 2753 417 2825 tempserit,
442 2753 607 2812 charitatem
628 2769 685 2810 nen
710 2753 832 2812 babeat:
859 2771 891 2812 ac
914 2773 964 2828 per
989 2758 1042 2815 boe
1081 2752 1189 2809 dtrbe
1204 2752 1316 2823 pietatis
1334 2753 1526 2816 clementiam,
1549 2752 1595 2807 eui
1618 2758 1675 2807 tota
1694 2768 1759 2823 spes
1780 2754 1879 2810 salutis

253 2849 363 2900 munte
385 2843 449 2902 vitee
473 2860 530 2912 npn
553 2845 589 2902 sit
612 2845 738 2903 idoneus.
757 2845 825 2903 Cum
841 2848 924 2920 igitur
938 2849 1041 2906 orando
1091 2844 1218 2899 bumauae
1236 2842 1381 2911 innititur;
1407 2843 1510 2914 optima
1525 2843 1616 2913 portio
1630 2857 1697 2898 meae
1710 2843 1881 2899 consolatio-

203 2945 206 2950 ’
254 2933 347 3006 lingua
362 2949 425 2990 curn
448 2933 505 2991 Dee
520 2934 670 3001 tabulatus,
691 2936 784 2993 caruis
802 2938 952 3008 petulantia
969 2939 1042 3012 jeju·
1090 2935 1175 2990 niset
1189 2933 1294 2989 bdueiae
1308 2932 1487 3006 insudragiis
1500 2941 1657 2988 sanctarum
1673 2933 1758 2988 totius
1773 2935 1880 2991 ordinis

254 3023 345 3082 nando
359 3025 556 3097 restringitur,
575 3025 610 3082 ad
624 3027 841 3084 consolationem
856 3029 972 3100 proximi
984 3046 1042 3085 ma·
1054 3052 1076 3111 c
1093 3025 1247 3080 orationum
1269 3024 1359 3094 posita
1379 3032 1431 3079 est.
1452 3021 1640 3080 considerans
1653 3024 1727 3078 cuim
1741 3027 1879 3080 malorum

255 3129 308 3170 uus
331 3115 509 3171 extenditur:
537 3121 605 3170 tuuc
628 3115 752 3187 prolecto
776 3119 962 3191 gratissimum
986 3117 1042 3176 boo
1092 3130 1215 3171 meorum
1236 3114 1452 3182 multitudinem,
1489 3122 1571 3186 atque
1600 3114 1761 3169 meritorum
1791 3130 1880 3187 penu·

255 3214 420 3277 prestamus
431 3206 604 3279 obsequium.
616 3205 796 3265 Vehementer
806 3208 832 3266 ei
843 3210 931 3280 placet
945 3210 1044 3281 triplex
1092 3208 1176 3273 riam,
1190 3205 1224 3260 tle
1237 3206 1356 3276 propriis
1369 3204 1491 3272 diffisus,
1508 3206 1598 3261 aliena
1612 3220 1696 3276 cogor
1716 3206 1878 3263 mendicare

256 3298 309 3354 late
337 3304 513 3354 concentus:
537 3297 685 3369 plurimum
703 3297 862 3367 ⁴delectatur
885 3300 1042 3370 hujusmodi
1083 3296 1225 3354 subsidio.
1242 3295 1328 3361 Nam,
1343 3311 1404 3367 quae
1416 3296 1482 3350 mibi
1498 3298 1632 3367 precorin
1651 3312 1696 3352 me
1711 3305 1803 3367 potest
1818 3314 1880 3355 csse

255 3386 429 3458 symphonia.
446 3383 575 3441 Orantem
595 3385 725 3451 exaudit,
745 3386 909 3457 propitiatur
926 3388 1041 3455 afflicto,
1095 3388 1256 3453 securitas,
1273 3402 1336 3443 eum
1352 3386 1458 3443 videam
1474 3387 1544 3443 alios
1557 3387 1692 3458 quosdam
1707 3404 1740 3443 ex
1757 3388 1801 3445 bis
1817 3405 1880 3444 curu

256 3474 473 3533 misericordiam
503 3483 638 3548 preparat
671 3492 732 3533 eam
761 3478 887 3549 proximo
920 3479 1042 3536 facienti.
1092 3476 1192 3547 quibus
1205 3477 1397 3547 viverectspi,
1413 3478 1556 3548 sexaginta
1571 3478 1697 3547 pluresve
1716 3492 1806 3536 annos
1830 3479 1881 3536 sub

256 3566 429 3637 Quapropter
442 3567 499 3623 baec
512 3568 564 3623 tria
577 3567 710 3624 bonorum
725 3583 837 3639 operum
853 3574 970 3641 genera,
983 3584 1044 3625 om·
1093 3568 1240 3639 disciplina
1263 3568 1367 3624 milities
1387 3569 1546 3624 claustralis
1565 3576 1693 3638 agentes,
1717 3570 1756 3625 ita
1776 3570 1882 3625 tersere

256 3656 339 3712 nibus
352 3655 461 3729 quidem
475 3655 624 3724 lidelibus,
641 3672 674 3713 ac
689 3659 771 3715 uobis
791 3660 927 3727 maxime,
943 3660 1044 3732 quibua
1089 3659 1210 3730 spiritu,
1231 3658 1310 3729 quasi
1331 3674 1404 3713 nunc
1425 3657 1535 3715 demum
1554 3659 1740 3729 incoeperint3
1756 3675 1800 3716 me
1817 3676 1882 3715 uero

257 3752 346 3823 maior
360 3752 451 3811 inesse
465 3755 586 3811 obrutas
600 3770 634 3812 ex
647 3755 708 3827 ipso
721 3755 815 3810 babitu
829 3755 959 3812 exteriori
975 3770 1045 3828 prae-
1093 3748 1253 3821 paucissimi
1267 3748 1398 3817 temporis
1410 3747 1537 3804 effectum
1550 3750 1683 3816 militem,
1696 3751 1771 3805 velut
1785 3751 1812 3804 in
1825 3753 1883 3822 pri·

256 3846 386 3911 etrmitur,
410 3845 484 3901 omni
506 3846 598 3903 studio
621 3847 805 3917 comparanda
826 3852 908 3917 atque
926 3848 1044 3921 tenenda
1092 3855 1138 3896 mo
1152 3847 1306 3895 castrorum
1321 3838 1448 3908 ingressu
1464 3837 1516 3893 sub
1532 3840 1617 3893 armis
1638 3838 1721 3894 modo
1742 3840 1881 3909 susceptis

258 3940 333 4001 aunt,
346 3935 540 3992 accedentibus
558 3936 640 3991 etiarn
654 3936 716 3991 aliis
730 3935 810 3992 bools
824 3942 958 4007 quotquot
970 3934 1044 3995 brus
1094 3927 1233 3984 tattooero.
1258 3926 1300 3983 llll
1319 3926 1367 3999 qut
1382 3928 1514 3983 seculum
1534 3928 1577 3985 vel
1600 3944 1743 3999 nunqnam
1767 3932 1882 3985 oountoo

257 4034 387 4093 praestare
403 4024 570 4096 dignabitur,
586 4024 689 4097 quibus
702 4026 732 4082 in
747 4026 799 4082 bac
811 4028 868 4082 vita
883 4028 1044 4098 temporali.
1094 4027 1286 4091 gustaverunt,
1312 4019 1355 4076 vel
1379 4020 1475 4075 multis
1503 4026 1578 4076 retro
1602 4022 1776 4091 temporibus
1802 4024 1881 4078 obliti

257 4122 299 4170 ter
311 4114 414 4184 adjuti,
440 4128 577 4170 summum
592 4114 661 4171 illud
674 4120 701 4170 et
714 4115 929 4187 incomparabile
941 4118 1043 4173 bonum
1094 4116 1173 4174 sunt,
1197 4114 1276 4163 tanto
1297 4108 1393 4163 dolore
1417 4122 1449 4164 ac
1472 4115 1545 4165 metu
1572 4111 1721 4179 poenitent,
1746 4119 1880 4183 tanquam

257 4203 461 4274 apprehendere
475 4219 641 4261 mereamur.
1094 4199 1176 4257 bodie
1188 4214 1303 4271 peccare
1321 4200 1473 4269 desierint;
1493 4208 1522 4257 et
1542 4215 1593 4271 ego
1617 4200 1664 4273 qui
1687 4201 1732 4257 vix
1756 4202 1823 4259 dunt
1848 4204 1882 4259 de

292 4293 356 4349 lires
372 4300 436 4349 sunt
449 4296 557 4365 quaede
570 4294 621 4351 bac
642 4302 736 4351 nostra
755 4296 908 4353 trimembri
929 4297 1044 4353 materia
1094 4295 1152 4349 lule
1179 4292 1253 4350 iaecis
1277 4300 1305 4349 et
1330 4293 1449 4349 ntlseriae
1475 4308 1524 4364 per
1548 4294 1664 4364 gratiam
1691 4294 1882 4349 conversionis

257 4385 413 4442 necessario
426 4385 587 4442 disserenda
601 4385 776 4452 videbantur,
791 4388 896 4443 relictis
912 4402 1043 4461 compen·
1058 4394 1081 4455 n
1094 4386 1190 4457 pedem
1208 4384 1319 4451 emori,
1341 4385 1421 4456 qtrasi
1436 4384 1506 4441 nibil
1527 4384 1682 4441 dedendum
1706 4400 1815 4441 mecum
1840 4396 1882 4441 at·

255 4477 295 4532 dii
310 4490 393 4531 causa
407 4478 633 4547 quampluribus,
645 4492 707 4549 ques
721 4478 774 4535 nisi
789 4478 890 4535 laboris
904 4480 1045 4549 prolixita-
1096 4477 1222 4542 tulerim,
1247 4477 1285 4531 ita
1309 4476 1393 4531 stulta
1412 4478 1561 4533 securitate
1579 4477 1709 4547 deceptus
1729 4478 1881 4549 elangueo,

257 4573 312 4621 tem
328 4566 502 4638 lugeremus,
520 4566 623 4621 utiliter
643 4575 671 4622 et
692 4582 812 4640 congrue
829 4570 982 4639 potuissent
994 4574 1043 4629 ad·
1094 4569 1173 4642 quasi
1203 4584 1269 4625 uero
1299 4568 1454 4640 perlectum
1486 4568 1569 4624 iaciat
1599 4570 1794 4634 monachum,
1823 4571 1883 4626 sola

255 4658 344 4731 iungi.
364 4658 444 4712 Nune
467 4657 535 4713 illud
551 4674 615 4714 cum
634 4659 738 4743 lectore
757 4662 884 4718 volumus
903 4663 1041 4735 depacisci
1094 4662 1233 4718 saecularis
1258 4660 1369 4717 babitus
1397 4667 1425 4716 et
1451 4661 1514 4715 vitae
1537 4660 1663 4716 mutatio.
1691 4660 1810 4717 Faciunt
1835 4662 1881 4716 alii

257 4756 395 4821 quatenus
418 4750 441 4807 si
462 4750 528 4821 quid
550 4750 578 4805 in
599 4751 651 4806 boc
671 4754 804 4822 opusculo
826 4766 986 4827 suspectum
1001 4759 1044 4814 vel
1093 4752 1228 4824 quidquid
1255 4758 1391 4822 possunt,
1420 4752 1518 4807 merita
1549 4752 1656 4809 meritis
1684 4754 1880 4818 cumulantes,

257 4840 417 4911 ambiguum
439 4840 564 4896 minusve
584 4841 695 4912 planum
716 4844 885 4911 occurrerit,
910 4860 964 4901 non
988 4855 1045 4903 sta·
1093 4860 1144 4915 ego
1159 4842 1322 4899 soiusinter
1337 4858 1387 4899 eos
1402 4842 1561 4913 complosis,
1588 4843 1719 4910 utaiunt,
1753 4847 1883 4900 manibus

256 4930 308 4989 tint
328 4932 394 5003 quid
414 4932 555 4989 causando
574 4934 662 5001 possit
680 4934 783 5005 objici,
799 4934 847 4993 sed
860 4937 925 5007 quid
948 4944 1045 4993 auctor
1094 4927 1211 4999 sedens,
1237 4933 1277 4988 nil
1304 4932 1378 4987 aliud
1414 4930 1549 5001 agendum
1578 4932 1721 4997 existimo,
1753 4948 1881 5001 uragnum

259 5021 377 5080 senserit
396 5022 541 5095 diligenter
558 5025 702 5095 advertat3
728 5028 804 5097 quod
825 5027 854 5082 in
873 5026 948 5083 omni
969 5026 1045 5082 Scri-
1094 5024 1223 5097 quiddam
1248 5024 1392 5079 'arbitrans
1423 5022 1554 5078 wculum
1580 5022 1738 5091 reliquisse.
1772 5021 1881 5089 Quanto

259 5124 347 5189 piures
356 5118 523 5174 recitatione
549 5120 638 5191 quoad
655 5120 715 5191 ejus
729 5122 845 5178 notitam
861 5128 969 5179 constat
983 5137 1045 5178 esse
1094 5117 1269 5189 prestantius
1288 5122 1347 5171 erat
1365 5120 1448 5183 atque
1473 5110 1633 5178 salubrius,
1656 5111 1792 5166 bonorum
1818 5128 1883 5182 ope-

258 5207 442 5278 potissimum.
459 5208 573 5265 biscreti
588 5210 723 5282 siquidem
739 5214 909 5269 acbeneroli
933 5212 1045 5269 lectoris
1094 5222 1156 5262 rum
1178 5206 1285 5261 tructus
1300 5203 1356 5282 beo
1370 5201 1628 5266 bilariterollerre,
1652 5210 1679 5256 et
1700 5200 1803 5255 lianc
1795 5216 1882 5269 tpsam

257 5306 316 5364 esi,
333 5300 482 5372 Scriptum
496 5303 578 5359 verba
593 5304 758 5361 subendam
773 5320 857 5361 sensu
878 5318 934 5375 quo
954 5303 1045 5374 posita
1085 5295 1178 5351 vllam
1189 5308 1251 5367 qllae
1264 5291 1462 5348 mthttamett
1455 5306 1483 5345 ttl
1497 5289 1592 5345 labore
1606 5286 1709 5359 agenda
1724 5294 1784 5352 est,
1798 5294 1883 5340 lolam

258 5398 341 5457 suut,
357 5391 494 5448 fideliter·
487 5396 671 5466 rnterpretari.
686 5396 738 5463 Qui
755 5403 857 5462 autem,
874 5410 958 5451 sensu
974 5395 1045 5451 scri·
1094 5405 1157 5446 cum
1177 5386 1279 5459 gaudio
1300 5382 1440 5456 spirituali
1458 5380 1560 5438 divinis
1579 5380 1737 5449 mancipare
1751 5376 1882 5433 servitiis.

258 5484 346 5552 pteris
367 5492 458 5554 spreto
476 5486 520 5542 vel
542 5487 635 5558 potius
656 5488 796 5557 ignorato,
824 5487 942 5543 litteram
970 5486 1044 5542 reln-
1094 5480 1162 5536 Nam
1175 5477 1242 5533 illud
1255 5475 1399 5532 verissime
1412 5474 1505 5529 dicere
1523 5484 1654 5544 possum,
1676 5482 1729 5539 per
1749 5468 1837 5522 boc¹
1825 5480 1884 5537 pam

257 5578 377 5629 cuntem
389 5574 417 5630 in
430 5576 513 5633 alium
523 5578 662 5647 captivare
676 5584 792 5633 conatur
803 5595 811 5645 ;
824 5577 849 5633 is
862 5570 972 5647 quidem
990 5590 1045 5632 non
1095 5572 1284 5645 septennium,
1297 5568 1371 5641 quod
1383 5567 1449 5623 mibi
1463 5566 1517 5624 sub
1526 5564 1622 5621 babitu
1635 5560 1777 5634 religionis
1791 5566 1884 5615 actum

257 5662 412 5734 letiobted
432 5668 524 5738 potius
544 5684 687 5740 perversor
708 5684 740 5725 ac
759 5670 922 5742 depravator
946 5666 1045 5724 rectis·
1096 5674 1158 5732 cst,
1186 5667 1262 5719 tanto
1290 5668 1402 5733 tamque
1429 5657 1562 5715 continuo
1588 5656 1732 5714 laborasse
1757 5648 1886 5723 eorporis
1997 5663 1998 5666 ¹
