4000 6350
134 313 187 370 ssa
537 299 815 378 subeundum
834 307 1099 372 russoountuut
1118 311 1367 380 sabololtbut.
1708 321 1762 380 sss

135 431 189 488 bns
203 426 316 500 sellonis
330 435 483 494 taceamus,
503 436 606 498 quanta
628 409 788 501 gaudiorum
802 428 919 488 materis
936 428 1009 493 nde
1021 431 1219 503 sassertptau
1244 442 1308 492 ests
1329 432 1409 490 desti
1433 431 1480 506 pai
1499 429 1762 495 maestissimus
1800 485 1812 500 ,

136 530 179 579 est
198 517 611 590 relsolasoelosttmpossessiol
633 517 764 586 Gaudent,
780 519 879 595 inquil,
894 521 921 578 itt
973 529 1030 587 tau,
1045 519 1176 588 semim
1199 525 1228 579 in
1254 523 1353 580 escula
1378 522 1537 580 ιιειιίοιιιιιι
1567 522 1715 580 tassetan
1733 533 1761 582 te

134 609 206 668 selis
230 609 328 666 animm
348 617 511 668 sanctarena.
527 607 628 678 bstdnt
655 609 806 683 gaudeant,
824 611 871 685 qul
893 611 921 670 ln
974 611 1063 684 (Paul.
1078 614 1217 686 ssaarrtls
1239 613 1278 671 lta
1291 625 1394 686 lamen,
1407 616 1481 688 quod
1493 615 1575 690 lanius
1591 617 1688 674 domus
1700 629 1760 677 stu·

134 701 278 776 suliulam
301 699 444 758 babitanll
459 697 513 758 Sed
536 698 635 772 quibus
649 701 747 760 cmlisi
770 703 822 772 Qui
846 717 921 776 stant,
972 704 1029 762 lum
1042 706 1179 764 sidereum
1196 705 1277 778 quasi
1290 707 1476 780 pavimentum
1499 715 1554 776 est,
1580 707 1639 778 sire
1657 707 1760 769 lunda·

132 792 175 851 rel
188 803 256 866 quot
270 789 515 852 suntotelilisdsel
527 792 543 848 i
556 791 641 852 culos
654 810 716 854 osae
727 794 831 854 dicunt.
844 799 923 860 netes
971 806 1116 866 mentum
1144 797 1246 857 culum
1268 812 1335 856 reso
1361 812 1521 872 empyreum
1544 800 1670 871 asperior
1688 809 1761 859 stra·

132 884 206 940 enim
215 885 400 956 septenarium
410 884 614 954 commendaui,
625 887 698 958 qnod
710 889 793 946 etiam
807 889 920 950 ismlos
970 894 1061 944 stan.
1079 885 1354 945 {lassate-donas
1369 888 1462 946 uultis
1474 888 1502 945 la
1514 887 1655 961 Scriptura
1678 901 1759 946 uera

132 973 298 1046 aprincipio
310 984 418 1034 creatos
437 974 583 1035 aldrmaul.
605 975 715 1036 ussatei
731 994 843 1054 qnoque
856 983 919 1053 plai-
971 979 1129 1038 nominibus
1144 990 1327 1053 nuncupatur.
1341 977 1447 1066 bidtur
1463 978 1538 1036 esaim
1548 977 1659 1046 mlum,
1673 988 1760 1045 terra,

132 1064 238 1138 losopbl
256 1065 321 1122 illud
336 1065 505 1124 notissimum
518 1067 629 1140 omium
642 1067 671 1128 ia
685 1085 739 1142 quo
754 1071 843 1128 stellae
859 1072 919 1130 date
970 1068 1121 1136 tbalatuus,
1133 1067 1284 1138 deserum,
1296 1067 1399 1141 patris,
1412 1065 1523 1136 ciuitas,
1543 1065 1634 1133 curia,
1644 1063 1759 1124 eubicu-

132 1161 206 1226 annt‚
219 1168 256 1212 ex
267 1153 381 1227 siugulis
390 1153 563 1226 planetarum
577 1158 690 1218 orbibus
701 1160 787 1220 sorios
798 1162 920 1235 singulos
971 1159 1040 1228 lum,
1062 1160 1319 1233 templu-‚esais-
1343 1159 1446 1218 dieitur
1463 1172 1481 1214 a
1501 1158 1661 1225 musta,
1684 1166 1759 1214 tarra

132 1245 311 1304 fabricantur.
325 1245 457 1319 Fuerunt,
467 1248 553 1322 quiet
565 1251 681 1327 mundos
695 1253 920 1323 Innumerabiles,
970 1267 987 1308 a
1001 1251 1054 1310 loci
1068 1253 1201 1311 dimicate
1213 1261 1241 1310 et
1255 1253 1389 1312 maurum
1409 1249 1531 1308 omnium
1546 1247 1697 1316 lentilitste,
1712 1251 1759 1306 de·

131 1348 160 1394 et
181 1337 267 1395 caelos
291 1337 507 1398 innumerabiles
529 1357 590 1402 esse
611 1356 777 1404 assererent.
800 1345 917 1417 Quidam
969 1353 1102 1402 sertuma
1119 1342 1273 1414 capacitate
1286 1340 1481 1400 salvandorum
1496 1337 1619 1395 omnium
1632 1347 1758 1412 respectu

133 1441 199 1485 rero
211 1427 319 1484 nonnisi
345 1443 429 1486 unum
450 1445 522 1496 ease.
536 1430 580 1490 rel
602 1447 665 1492 esse
679 1449 760 1508 posse
778 1435 917 1496 dixerunt.
970 1433 1156 1492 multitudinis
1169 1433 1350 1505 perditorum,
1361 1431 1454 1506 patria
1466 1446 1483 1488 a
1496 1429 1616 1488 naturali
1632 1429 1683 1486 soli
1694 1427 1757 1486 dul·

133 1519 249 1603 'lanatum
266 1533 328 1576 esse
344 1522 418 1578 enim
439 1537 510 1596 opus
533 1523 615 1584 nnius
629 1525 705 1594 coeli,
724 1537 754 1583 st
768 1529 917 1588 meandum
970 1527 1079 1598 cedias,
1091 1542 1153 1599 qna
1163 1537 1271 1584 mentes
1284 1527 1319 1584 ad
1334 1542 1366 1584 se
1379 1526 1477 1595 allicit,
1500 1524 1579 1598 qussi
1593 1523 1680 1584 solum
1698 1538 1759 1584 oru-

132 1611 192 1669 lleri
206 1627 261 1668 non
274 1614 405 1684 poluerit.
423 1614 506 1683 Quasi
529 1629 596 1676 uero
609 1619 703 1676 ornnia
718 1635 818 1692 magns
832 1636 916 1695 opera
969 1621 1045 1676 nium
1058 1619 1194 1686 naturale,
1207 1617 1287 1690 juxta
1302 1617 1368 1674 illnd
1386 1635 1393 1673 ι

132 1704 282 1776 singularia
300 1706 376 1763 sinte
391 1722 454 1766 cnm
469 1709 611 1768 videamus
621 1718 663 1770 tot
675 1720 704 1770 el
716 1721 791 1770 lanta
805 1711 915 1772 llntnins
1005 1711 1103 1767 Nescis
1113 1727 1166 1782 sss
1177 1710 1266 1766 estole
1280 1709 1367 1766 esium
1379 1709 1518 1765 dulcedine
1532 1716 1640 1764 muetos

131 1801 160 1852 sl
170 1797 255 1854 maria
270 1797 324 1855 buc
337 1807 365 1854 et
384 1799 450 1857 illus
462 1799 569 1870 diffusa,
584 1811 625 1860 tot
639 1811 726 1860 terras
736 1803 806 1862 lalas
818 1813 848 1862 et
857 1821 917 1876 sps·
931 1795 953 1852 Β
1039 1777 1129 1849 Mt
1142 1791 1167 1836 u
1179 1781 1346 1835 ‘mmm'
1365 1794 1418 1834 ’‘⁰'‘
1432 1781 1495 1834 *Μ*
1506 1793 1562 1834 ⁶⁸⁸⁶
1574 1777 1644 1882 ⁸¹¹3·

133 1888 234 1954 tiosos,
256 1896 296 1946 iot
321 1889 455 1948 dracones
480 1891 623 1950 immensae
647 1892 849 1964 longitudinis,
876 1902 916 1950 tot
982 1923 983 1930 ι
1348 1865 1720 1941 (⁰'¹⁰·200P⁰⁷1¹⁰s¹¹b·¹)·

131 1990 207 2040 cetos
221 1980 362 2040 immensae
377 1983 538 2054 latitudinis,
548 1993 589 2042 tot
600 1983 761 2055 elephantos
776 1985 917 2044 immersam
1002 1982 1079 2040 illam
1092 1998 1157 2039 sero
1168 1983 1285 2054 patriam
1298 1983 1509 2052 concupiscunt,
1526 1981 1608 2036 etism
1624 1981 1669 2052 qni
1683 1977 1758 2036 illitu

130 2074 220 2131 molis.
234 2073 287 2132 Sed
303 2074 370 2148 quid
392 2074 427 2132 sd
450 2089 499 2132 noa
512 2075 632 2148 pertinet
652 2076 686 2135 de
705 2074 860 2134 ludaeorum
876 2077 917 2133 ia·
967 2075 1045 2132 eires
1060 2090 1114 2132 noa
1130 2082 1205 2140 snat,
1220 2075 1285 2145 qnia
1300 2073 1366 2130 licet
1378 2073 1423 2127 ills
1433 2087 1581 2145 pancorum
1595 2072 1631 2128 sit
1648 2086 1682 2126 er
1694 2086 1762 2143 gra.

129 2165 212 2233 bulis,
237 2165 281 2221 uel
306 2165 528 2237 pbilosophorum
552 2167 688 2225 somniial
711 2167 811 2226 Plures
830 2168 917 2228 scelos
968 2166 1019 2233 lia,
1034 2175 1198 2223 tamesaesse
1221 2165 1344 2222 omnium
1369 2164 1464 2220 debuit
1487 2177 1522 2220 ex
1551 2173 1660 2220 natura.
1686 2163 1757 2218 lleus

130 2268 203 2325 esse,
217 2251 356 2326 Scriptura
372 2253 493 2312 veritatis
507 2257 651 2316 manifeste
665 2258 797 2326 assernit,
811 2260 915 2324 diceus,
967 2257 1041 2317 euim
1054 2256 1137 2315 Pater
1146 2257 1269 2314 omnium
1284 2256 1422 2313 cressione
1435 2264 1488 2324 est,
1510 2254 1638 2326 quamuis
1653 2267 1757 2325 pauco·

131 2343 216 2418 Opera
231 2360 359 2402 tussuuss
377 2357 485 2403 tuarum
499 2357 561 2404 snut
576 2347 647 2406 culi.
666 2349 723 2422 lpsi
737 2353 868 2422 peribunt,
886 2362 915 2408 tu
968 2363 1029 2405 rum
1040 2349 1198 2423 adoptione.
1209 2346 1313 2404 Ciuitas
1327 2346 1479 2420 appellatur
1490 2361 1507 2402 a
1518 2344 1645 2404 concordi
1656 2345 1756 2400 civium

128 2449 216 2494 sutem
236 2441 418 2512 permanebis,-
441 2450 466 2497 et
492 2457 581 2500 omnm
599 2453 627 2500 ιιι
641 2443 820 2500 sensimsensrm
846 2454 916 2502 sete-
967 2441 1143 2500 mullitudine
1157 2443 1185 2498 in
1198 2457 1281 2498 unam
1296 2439 1491 2510 rempublicam
1522 2446 1653 2505 coeonle;
1669 2438 1758 2501 euris,

129 2529 398 2602 mammillarum.)
415 2531 470 2590 Sed
491 2542 559 2606 quot
579 2534 635 2592 sint
655 2535 799 2606 quaritur.
817 2535 916 2594 Paulus
969 2531 1243 2603 utaitbsgustinus,
1259 2531 1322 2602 qnia
1338 2531 1377 2586 ibi
1400 2531 1491 2602 agitur
1514 2543 1580 2586 cusa
1598 2530 1632 2585 de
1658 2526 1757 2596 uobis;

128 2637 198 2694 ergo
215 2622 354 2696 spostolus
374 2625 452 2680 lestis
464 2625 659 2683 tenacissimus
670 2627 697 2684 in
715 2627 834 2684 medium
849 2644 914 2700 pro-
967 2625 1112 2696 palatium,
1127 2633 1240 2696 propter
1253 2622 1354 2693 regalis
1368 2620 1442 2678 illins
1454 2620 1564 2678 aedilicii
1588 2628 1757 2676 structuram

128 2715 257 2782 ducatur,
273 2717 320 2788 qni
334 2733 364 2774 se
379 2717 447 2774 dixit
470 2730 576 2789 raptum
592 2716 678 2776 luisse
701 2736 787 2794 usquo
801 2721 836 2778 sd
859 2731 915 2778 ter·
967 2703 1158 2788 pernobilem,
1184 2713 1257 2782 auls,
1288 2724 1399 2786 propter
1421 2725 1602 2784 personarum
1627 2709 1665 2766 ibi
1689 2707 1759 2766 sasi-

130 2809 195 2862 tinm
210 2808 309 2866 omium
324 2805 367 2880 l¹¹
387 2807 451 2866 cer.
467 2811 532 2878 an.)
556 2809 625 2868 Tres
652 2811 735 2883 igitur
753 2813 838 2870 coelos
855 2827 916 2870 esse
967 2807 1099 2866 utentium
1111 2819 1239 2878 magnam
1254 2803 1442 2869 nobilitatenu
1460 2801 1536 2874 regia
1551 2815 1567 2855 s
1582 2799 1635 2856 lusi
1650 2799 1758 2870 magni·

53 2967 58 2976 ,
129 2899 356 2956 ntanilcstissirue
375 2901 505 2961 asseruit.
520 2901 616 2960 Plures
642 2911 732 2960 aulem
759 2919 843 2976 qnam
859 2915 915 2962 tres
967 2899 1064 2958 ludiue
1076 2917 1085 2969 ;
1097 2911 1213 2971 mgnum
1226 2909 1242 2951 s
1255 2894 1362 2967 iustitia
1376 2909 1436 2966 qnae
1460 2893 1497 2949 ibi
1511 2893 1758 2964 masimeregna13

129 3005 202 3060 ease,
214 2991 286 3048 siout
302 3008 357 3048 non
376 2992 516 3062 ailinane,
529 2995 570 3052 sio
591 3011 643 3052 nec
667 2998 775 3068 negauit
791 2997 915 3067 quideme
966 2992 1092 3050 domnas
1108 3003 1188 3047 sacra
1203 2997 1231 3046 et
1253 2987 1348 3046 stabili
1370 2987 1514 3044 mastalone
1529 2984 1756 3051 cohabitantium,

129 3082 164 3137 Et
188 3091 264 3140 certo
294 3091 386 3138 utrum
411 3082 502 3154 plnres
527 3085 593 3150 sint,
611 3087 706 3142 nescio
728 3103 734 3139 :
752 3087 804 3154 boc
828 3103 912 3154 ustum
966 3093 995 3140 et
1008 3100 1024 3139 a
1038 3083 1214 3141 mnitilndine
1230 3082 1416 3148 mansionum,
1428 3078 1506 3148 insta
1525 3075 1614 3134 illudz
1630 3073 1665 3130 lu
1679 3074 1758 3130 doato

128 3177 196 3243 acio,
211 3177 286 3249 qnod
300 3186 358 3234 tres
376 3186 453 3235 sunl.
471 3176 538 3233 Nam
554 3178 631 3235 salso
644 3180 719 3234 onnai
739 3181 854 3253 tstystico
870 3184 911 3238 in·
929 3151 950 3213 c
968 3177 1062 3234 Patris
1078 3176 1130 3232 snei
1153 3174 1305 3232 msetsieues
1329 3172 1421 3229 multu
1433 3180 1495 3227 aaut
1507 3168 1598 3243 (loss.
1614 3166 1682 3241 ιιι).
1697 3166 1758 3223 Nou

129 3264 251 3333 tellecta,
267 3267 416 3323 secundnm
436 3281 516 3337 quern
532 3266 590 3324 ltus
610 3269 684 3325 Pstuli
699 3270 833 3327 sentientia
847 3270 917 3329 solet
967 3268 1039 3325 etaim
1053 3268 1092 3324 ibi
1107 3266 1253 3333 militatur,
1277 3273 1409 3336 lannam
1438 3263 1468 3318 ln
1486 3261 1682 3327 tabernaculo;
1708 3258 1758 3315 sed

128 3356 240 3427 exposui,
254 3357 334 3413 etism
356 3359 388 3417 de
408 3358 495 3415 tribus
510 3360 588 3417 coelis
602 3361 788 3419 materialibus
803 3362 868 3419 mibi
883 3365 916 3421 sd
967 3360 1119 3430 inabitatur,
1135 3370 1267 3431 mnqnsm
1293 3359 1321 3415 in
1336 3361 1428 3416 domo.
1444 3358 1554 3413 durium
1568 3370 1633 3412 uero
1650 3368 1757 3409 nueren-

129 3450 246 3507 litleratn
272 3451 379 3509 uidetnt·
401 3466 483 3524 posue
507 3450 634 3525 intelligi.
661 3456 731 3511 Sunt
757 3454 832 3511 eninr
859 3467 916 3514 tres
967 3461 1049 3525 palur
1075 3451 1226 3509 asolemni
1253 3450 1407 3521 frequentia
1432 3448 1469 3507 ibi
1492 3445 1716 3511 collaudantium,
1730 3453 1759 3500 el

130 3540 201 3606 roeli,
214 3542 361 3614 dequibus
381 3552 477 3615 aperte
500 3544 620 3617 loquitur
631 3544 782 3617 Scriptura.
798 3546 847 3605 Eoi
861 3562 917 3605 sm·
967 3547 1069 3605 eboroa
1083 3544 1337 3617 ducentissimus
1349 3541 1436 3599 illud:
1452 3542 1529 3595 eltris
1539 3540 1597 3611 ejus
1612 3538 1641 3592 iu
1653 3534 1758 3607 ltpntuie

131 3634 184 3690 lum
208 3650 338 3703 aereum,
354 3646 397 3695 eal
412 3640 557 3709 sidereum,
572 3649 614 3697 eat
624 3652 791 3711 empyreum.
808 3638 915 3697 Gmlum
967 3637 1130 3707 confitemini
1141 3636 1184 3692 illi
1204 3634 1294 3705 (Posi.
1310 3632 1396 3705 suta),
1414 3630 1596 3702 ntetouymice
1613 3628 1758 3684 continens

130 3741 239 3783 aereum
253 3736 333 3784 terras
346 3736 389 3786 eal
402 3731 568 3802 proximum,
582 3742 611 3789 et
625 3730 684 3788 anis
703 3730 845 3802 impletum
866 3746 916 3787 so·
967 3745 1018 3802 pro
1031 3738 1180 3796 contents;
1206 3726 1355 3793 tlaalamus,
1378 3739 1394 3779 a
1423 3720 1542 3778 nassitali
1564 3718 1758 3789 conjunctione

129 3821 261 3877 inesibus.
276 3821 382 3880 Coelum
394 3824 561 3883 sitleroum's
573 3835 647 3883 terra
669 3834 712 3881 est
730 3834 874 3890 senmtnm,
888 3836 917 3883 et
966 3818 1070 3876 Christi
1082 3828 1110 3877 et
1122 3817 1273 3886 Ecclesiam
1292 3829 1382 3880 mous,
1410 3813 1445 3869 ab
1472 3809 1619 3866 eminentia
1634 3816 1660 3862 et
1674 3803 1760 3862 subli-

128 3911 186 3968 suis
199 3911 335 3969 stellatum
361 3915 506 3974 sideribus.
520 3918 625 3973 ctelnm
651 3930 813 3989 empyreum
838 3916 916 3991 longe
967 3913 1081 3979 mitaue;
1104 3910 1307 3975 cubiculum,a
1325 3919 1432 3964 summa
1448 3899 1671 3961 etsecreliasims
1683 3897 1759 3953 uolat·

129 4004 163 4059 ab
176 4015 295 4074 utroque
319 4016 362 4061 est
380 4006 541 4072 exaltatum,
559 4017 588 4064 el
604 4008 661 4065 suis
676 4020 804 4065 ornatum
827 4009 917 4067 beatis
966 4013 1044 4078 plote
1058 4004 1097 4061 ibi
1115 4000 1337 4074 quiescentium
1366 3995 1508 4068 templum,
1533 4008 1549 4049 a
1576 3987 1758 4046 sancbmonia

128 4094 280 4166 spiritibus.
300 4096 338 4152 be
350 4098 439 4167 primo
451 4097 534 4155 babes
548 4115 555 4151 :
576 4096 700 4156 volucres
714 4100 783 4168 cuii,
795 4107 821 4154 et
832 4100 916 4171 pisces
966 4095 1004 4152 ibi
1016 4092 1234 4153 ministrantium
1247 4090 1357 4149 cbristo
1378 4086 1526 4144 sedulitate
1541 4080 1714 4153 infatigabili,
1729 4090 1759 4137 et

128 4188 211 4239 nessia
223 4184 305 4260 (Dan.
319 4189 373 4261 nt).
383 4190 565 4249 besernndo:
576 4189 738 4257 Benedicite,
751 4190 835 4248 stelles
846 4191 914 4258 suli,
966 4192 1001 4245 ab
1013 4186 1150 4245 indelessa
1165 4184 1285 4241 elamore
1309 4181 1404 4238 laudes
1419 4180 1456 4235 ibi
1485 4176 1644 4234 essentium
1659 4174 1759 4231 diuinae

128 4276 350 4350 bomino(iiid.).
367 4280 405 4337 [ie
422 4280 519 4337 lertio:
537 4278 804 4352 Coeli,eoelnsumuue
831 4282 916 4339 aitlu-
968 4280 1117 4353 majestati.
1133 4276 1296 4349 Otemplnm
1308 4274 1480 4331 sanctitatis!
1500 4269 1758 4339 ocubilerolnpta-
1842 4281 1844 4286 ·
1921 4326 1926 4334 ,

128 4378 181 4435 tes,
198 4386 229 4425 ue
241 4369 318 4425 leucu
333 4372 466 4442 terspleirn
480 4372 551 4445 (bi).
567 4372 690 4429 Primum
715 4374 828 4441 soelnm,
840 4374 914 4445 quod
967 4375 1022 4442 tis;
1037 4372 1173 4431 thalamus
1196 4371 1367 4442 nuptiarum,
1393 4367 1464 4423 altis
1486 4363 1655 4421 ludenlinml
1673 4376 1690 4419 o
1705 4362 1757 4417 do·

128 4471 170 4518 est
187 4477 310 4527 autenm,
327 4465 360 4519 ad
386 4465 583 4522 beatitudinem
599 4468 754 4524 snintarnnt
776 4482 830 4525 non
851 4482 953 4543 per-1)
969 4484 1030 4525 mus
1055 4467 1115 4534 bei,
1139 4480 1253 4537 reguntur
1271 4474 1417 4527 aternum,
1447 4459 1522 4531 regio
1547 4456 1639 4513 lusisl
1666 4452 1757 4511 oanis

131 4554 217 4621 titrst;
235 4557 298 4627 qtria
314 4566 340 4613 el
356 4557 445 4627 ipsum
461 4558 575 4614 stultum
599 4561 718 4617 miseriis
734 4560 871 4633 subjacet,
886 4570 912 4618 et
970 4558 1114 4625 nobilium,
1131 4555 1226 4629 regale
1236 4550 1385 4625 palaliuntl
1400 4548 1423 4606 0
1438 4547 1593 4620 angulorum
1608 4543 1697 4607 curis,
1715 4540 1757 4596 ei·

130 4647 339 4715 tempostnlibns
365 4658 394 4703 et
419 4650 548 4719 procellis
576 4653 717 4722 quatitur,
743 4651 822 4723 insta
849 4650 914 4707 illud
968 4649 1183 4720 uitasgloriosa,
1206 4644 1296 4717 patris
1325 4642 1424 4709 dulcia,
1455 4641 1594 4695 desertum
1620 4634 1757 4712 lentileio

127 4739 285 4808 wilellmi
969 4752 1044 4798 terra
1059 4738 1147 4795 bueus
1163 4738 1232 4795 laste
1243 4744 1271 4792 et
1283 4733 1374 4801 melle,
1389 4732 1489 4789 soelnrn
1502 4742 1642 4794 serenum,
1658 4734 1686 4781 et
1697 4724 1758 4802 sine

169 4828 340 4888 Fulminibus
356 4841 434 4890 terres
444 4836 552 4907 propior
562 4838 796 4893 succenditurssr.
968 4834 1096 4892 nubelo
1119 4846 1198 4888 mons
1223 4828 1348 4886 excelsus
1375 4823 1466 4889 ualde,
1495 4836 1572 4875 mnus
1589 4817 1756 4889 consulatus,

538 4924 650 5001 (Lucan.
666 4927 765 4984 Pltsre.
777 4928 825 4986 lib.
838 4928 879 4998 ιι).
967 4941 1043 4982 ιιιοιιι
1056 4925 1183 4995 pinsatum
1209 4937 1295 4988 moue,
1318 4922 1409 4991 iuquo
1426 4914 1626 4991 ‚beneplacitum
1639 4919 1678 4965 est
1702 4909 1758 4964 Deo

129 5014 252 5088 Bessique
264 5016 363 5073 coelttm
375 5017 440 5073 illud
455 5032 509 5072 non
520 5018 586 5075 solis
598 5018 916 5086 volucribus,sedetiaru
968 5013 1090 5067 babitare
1105 5009 1195 5081 (Paul.
1214 5009 1317 5081 uuntt);
1344 5023 1425 5065 mons
1451 5005 1479 5061 in
1507 5018 1561 5075 qno
1576 5009 1759 5073 preparatum

127 5109 298 5165 daemonibus
322 5111 518 5168 datumcslad
535 5110 734 5168 habitandum:
757 5112 803 5183 qui
820 5110 918 5183 ibipo·
969 5119 1012 5166 est
1030 5106 1186 5163 mnuiviusn
1215 5103 1376 5175 pinguium,
1412 5100 1569 5157 conuiuium
1597 5092 1756 5158 uindemiee;

126 5200 174 5255 siti
190 5208 264 5266 sunl,
279 5218 332 5258 non
349 5202 383 5258 sd
399 5216 525 5259 oneratum
551 5202 634 5273 aeris,
660 5205 732 5259 sicut
747 5205 919 5260 menliuntur
972 5201 1114 5274 pingnium
1130 5197 1351 5262 medullatorum,
1366 5193 1511 5250 uindemiae
1535 5188 1673 5248 defecatae
1683 5189 1691 5241 l
1703 5186 1758 5257 lgi-

126 5294 300 5365 pbilosopbi;
314 5296 363 5352 sed
376 5296 413 5351 ibi
426 5312 514 5368 usque
533 5297 568 5352 ad
580 5298 653 5353 diem
676 5294 772 5366 judicii
787 5302 916 5366 tanquam
970 5292 1053 5367 turin
1076 5290 1187 5349 nomine
1206 5287 1298 5357 templi
1323 5284 1494 5359 timuissemus
1520 5283 1662 5347 sauctitas,
1683 5292 1755 5346 quse,

129 5386 157 5440 in
169 5400 281 5443 earcere
292 5397 357 5444 sunl
371 5388 478 5446 inclusi.
497 5388 584 5449 Porro
605 5406 640 5448 ox
662 5391 768 5447 duobus
781 5389 844 5445 aliis
860 5403 917 5446 ote·
970 5400 1005 5443 ne
1019 5383 1107 5442 tristis
1118 5390 1146 5438 et
1168 5382 1283 5439 molesta
1296 5387 1452 5453 putaretur,
1467 5377 1555 5449 ipsunt
1567 5372 1696 5443 ternplum
1711 5382 1759 5422 ro·

130 5476 177 5544 lis,
189 5478 293 5535 seilicet
303 5481 413 5537 sidereo
425 5491 453 5537 el
463 5496 603 5554 empyreo,
623 5497 685 5539 cum
702 5482 770 5548 auis,
782 5491 812 5537 st
823 5482 861 5537 ita
875 5481 918 5537 di·
970 5491 1064 5539 catum
1078 5492 1122 5541 est
1134 5477 1304 5543 cubiculum,
1319 5474 1347 5531 in
1359 5490 1413 5547 quo
1438 5473 1608 5545 significatur
1621 5463 1757 5532 uoluptas,

130 5582 201 5636 caan,
218 5572 388 5641 appendiciis
411 5569 588 5633 costati'tuitur
613 5575 658 5631 illa
675 5579 773 5635 domus
787 5574 916 5645 coelestia,
971 5592 1033 5649 quau
1047 5593 1081 5635 nc
1096 5576 1217 5648 uulgaris
1242 5580 1396 5646 putaturus,
1424 5575 1530 5639 secreta
1548 5568 1576 5617 et
1600 5556 1695 5615 intima
1708 5566 1759 5625 pet·

164 5734 223 5807 (dl)
238 5734 311 5807 Offic.
329 5735 430 5795 Ecslcs.
553 5768 573 5781 ι-
