4000 6350
165 319 216 381 cor
364 288 366 297 ’
623 315 740 378 ssnuo
758 313 1115 388 cannamomum
1134 315 1299 375 suumn
1318 315 1352 373 n.
1750 319 1803 382 oo

167 443 227 508 sent
244 429 388 516 apposito,
412 431 504 492 stabat
525 431 687 502 immobilis,
712 443 738 491 et
760 437 893 493 clamabat
913 437 956 494 di·
970 442 995 503 A
1009 437 1124 495 interret
1147 435 1326 506 peccantibus
1349 431 1462 492 ultionis
1482 433 1614 503 indicitur
1637 452 1645 492 r
1671 445 1702 494 ιιι
1725 437 1813 506 prios-

165 540 230 585 eens
244 543 251 580 :
265 523 323 582 Non
346 535 391 582 est
417 541 467 582 rex
481 534 580 598 practer
598 526 735 584 Christum
758 548 764 583 ι
790 541 839 598 pro
863 543 918 599 quo
936 529 959 586 si
1010 537 1082 586 esset
1100 526 1226 585 columba
1244 527 1304 583 slee
1324 525 1405 596 legati
1427 525 1557 598 lunens,
1568 525 1651 598 q'ttattt
1664 526 1804 598 noc-por·

141 607 143 610 ’
164 619 264 676 millies
276 619 400 688 occidar,
414 617 504 690 ipsum
519 617 585 674 mibi
608 618 642 675 dc
662 632 721 687 ore,
737 617 824 690 ipsum
844 619 911 677 mibi
926 621 960 677 de
1011 619 1142 678 oussoris.
1159 618 1197 674 lle
1210 618 1299 688 prima
1313 618 1428 690 legitor,
1444 618 1521 689 quod
1536 617 1648 676 redierit
1659 620 1694 678 td
1708 633 1804 682 emt·

162 713 246 771 eorde
258 712 370 770 auterre
382 727 436 772 uon
451 711 585 785 poteritis.
607 710 629 770 0
658 712 783 770 columna
810 713 959 770 fortissima
1010 712 1101 769 leneus
1116 711 1143 767 ln
1162 724 1212 766 ore
1224 723 1330 764 ramum
1344 707 1424 765 olium
1438 707 1595 766 armatum
1607 706 1689 766 loliis.
1704 709 1746 767 [lc
1759 721 1805 772 te·

162 789 191 860 ln
215 801 299 860 domo
326 801 392 859 lieil
420 818 438 859 o
455 801 531 859 stella
555 801 729 870 firmissima,
753 811 783 860 ct
800 801 960 861 lirmisaime
1010 805 1098 862 cunda
1112 822 1121 860 ε
1134 800 1232 876 Fugite
1244 817 1261 857 u
1272 799 1341 872 [reio
1357 799 1441 871 qlrdii
1452 799 1803 874 mluiaellcrertustrr),

161 888 216 946 ltro
242 887 271 948 ιιι
293 888 464 946 brantunento
483 889 559 946 coelii
574 889 692 957 Quando
712 889 775 950 bule
800 892 960 963 praevaleret
1010 896 1094 954 idest
1110 897 1144 952 ab
1158 895 1271 951 instanti
1285 893 1408 950 sectione
1420 892 1549 964 captum
1562 893 1714 960 mentia,
1727 895 1804 965 prius

160 979 291 1038 draconis
307 981 464 1052 suggestio:
481 981 526 1037 eui
547 971 696 1054 praeralere
711 999 764 1038 non
790 993 897 1054 poterat
917 985 959 1040 in·
1010 987 1203 1044 denuntiandae
1220 1002 1270 1058 per
1291 986 1412 1058 legatam
1435 983 1529 1040 mltum
1549 992 1579 1040 et
1601 981 1741 1050 tantun.
1755 999 1805 1056 pc·

162 1071 230 1128 risio
240 1069 344 1132 lerriet
354 1074 423 1146 ignis
433 1075 647 1134 adustiolSane
660 1075 738 1132 stella
753 1075 804 1131 ista
818 1075 958 1133 Christum
1010 1085 1113 1136 strenuo
1137 1077 1256 1134 terenda
1277 1088 1328 1148 por
1349 1072 1477 1130 mudena
1491 1075 1616 1131 ritorrrrn
1632 1084 1664 1132 et
1681 1069 1804 1132 mortuo·

161 1163 213 1220 sibi
226 1163 389 1236 impressum
406 1162 544 1224 babebat:
560 1182 575 1222 a
593 1183 647 1239 quo
665 1167 739 1224 nulla
759 1158 866 1224 ratione
880 1183 958 1239 sepa·
1010 1187 1071 1229 rum
1089 1168 1228 1238 ludleem;
1243 1169 1290 1226 ted
1307 1167 1427 1239 iudicem
1445 1165 1494 1238 qai
1509 1165 1647 1222 siue-ltlle
1664 1167 1803 1234 irascimr,

163 1257 218 1312 rari
233 1265 351 1328 poterat.
367 1256 444 1326 Quod
457 1257 531 1314 enlm
545 1257 578 1315 de
591 1259 646 1316 alio
665 1271 786 1332 martyre
811 1258 838 1315 in
852 1257 957 1316 Graecia
1010 1275 1038 1322 ut
1049 1279 1111 1320 oum
1128 1261 1326 1332 tranquillitate
1343 1259 1457 1330 iudicat,
1473 1267 1513 1314 et·
1523 1271 1631 1330 semper
1643 1258 1802 1316 rnimrlocr·

163 1348 280 1406 relertur
297 1367 304 1406 a
319 1347 367 1420 qut
382 1347 487 1406 Nimius
507 1358 536 1408 et
549 1337 696 1409 llelremias
720 1351 812 1408 dietus
831 1362 886 1424 est,
911 1353 958 1424 qul
1009 1354 1081 1411 diam
1104 1354 1205 1426 iudicio
1229 1352 1426 1426 strpereraltat.
1446 1351 1487 1406 ιιι
1513 1350 1599 1420 legati·
1615 1350 1803 1408 mansuetndi-

162 1453 225 1496 rum
250 1436 381 1498 similiter
394 1447 579 1512 torqueretur,
594 1451 623 1501 et
646 1441 746 1502 similia
769 1445 958 1516 responderet,
1008 1453 1072 1496 nem
1085 1439 1206 1512 pertinet
1228 1440 1344 1498 tbronnt
1365 1438 1520 1496 Salonmuis
1534 1439 1592 1493 :ad
1615 1439 1805 1506 iratont'iodi·

158 1531 239 1601 iotsit
253 1539 387 1604 tyrannus
401 1540 524 1590 rentrent
543 1533 603 1604 ejus
614 1533 700 1592 secari
715 1549 764 1605 per
781 1533 913 1602 medium;
929 1543 958 1592 et
1008 1521 1069 1589 cem
1091 1533 1206 1590 tbronos
1226 1529 1413 1590 Artaxerslra
1430 1533 1465 1588 do
1487 1545 1544 1601 quo
1567 1531 1666 1602 legitur
1687 1530 1717 1587 ia
1735 1531 1804 1587 libro

160 1641 209 1682 eor
225 1625 286 1698 ejus
304 1624 368 1683 lude
380 1625 514 1698 integrum
532 1627 614 1685 arelll
630 1636 659 1685 et
680 1627 757 1700 liudi,
770 1637 799 1685 ut
815 1629 920 1686 rideret
934 1629 957 1687 tl
1008 1623 1117 1692 Esther,
1133 1624 1206 1696 quod
1219 1625 1325 1679 redelor
1340 1639 1421 1692 super
1430 1619 1531 1678 reliam
1542 1622 1617 1694 regni
1629 1623 1683 1687 isi,
1694 1609 1804 1682 incarn

160 1716 287 1776 Christus
309 1717 337 1776 in
355 1732 389 1776 eo
413 1727 498 1788 esset,
522 1720 594 1778 sieut
614 1705 722 1794 martyr
740 1720 858 1778 dixerat.
879 1720 957 1790 erod
1007 1714 1121 1771 restitut
1135 1714 1205 1786 regis
1217 1729 1286 1769 erro
1297 1713 1410 1786 [algena.
1426 1727 1450 1772 ιι
1465 1715 1599 1788 lapidibus
1614 1716 1765 1787 mutata:-
1777 1723 1804 1770 rt

159 1823 221 1864 oum
237 1807 340 1866 laetum
354 1785 437 1878 esset,
450 1810 579 1881 apparuit
593 1809 620 1867 in
636 1810 697 1882 ipso
712 1810 804 1868 cordis
825 1809 882 1868 lissi
898 1824 956 1867 me·
972 1791 995 1848 Β
1009 1815 1067 1862 erut
1082 1807 1219 1864 terribiliis
1230 1819 1335 1877 aspemu
1353 1807 1463 1880 (Ertber
1477 1813 1535 1881 ιι).
1546 1807 1730 1881 lugentibus
1742 1821 1804 1878 qun

153 1899 206 1958 -dio
226 1899 412 1970 pulcherrima
436 1899 537 1958 Cbristi
562 1899 676 1974 effigies,
692 1916 741 1973 per
761 1909 845 1959 totam
862 1901 958 1960 cordis
1009 1896 1079 1954 betta
1103 1898 1209 1966 nolunt,
1222 1899 1287 1971 quia
1312 1900 1521 1973 ulissipabuntur
1542 1921 1550 1957 a
1569 1917 1609 1958 ta
1629 1901 1740 1968 ludaeis,
1754 1898 1803 1972 qut

160 1995 357 2066 longitudinem
371 2002 399 2052 et
412 1994 584 2052 latitudinem
600 2010 629 2051 se
646 1993 797 2052 eliuudons.
813 1993 873 2062 ero
884 1993 956 2064 uiso,
1010 1990 1085 2060 pacis
1108 1990 1254 2047 eonsilium
1276 1992 1455 2063 reliquerunt,
1472 1992 1640 2066 repellentes
1658 1992 1802 2064 particum

159 2084 288 2140 eortiusus
304 2094 435 2156 tyrannus
449 2085 560 2144 erubuit
573 2104 581 2142 :
594 2085 708 2158 populus
730 2094 821 2141 nutem
837 2085 957 2140 brictium
1010 2083 1196 2151 Salomonem,
1211 2093 1237 2139 ct
1248 2084 1379 2156 eligentes
1398 2084 1557 2142 bellicosum
1575 2083 1722 2152 cantem,
1736 2084 1801 2154 qnia

160 2173 238 2230 ualde
251 2173 422 2230 exlrilnratus
439 2175 466 2231 iu
488 2185 565 2234 tauto
591 2175 736 2244 miraculo,
754 2176 884 2248 expansis
901 2191 959 2230 rnna·
1010 2191 1062 2232 suo
1075 2176 1177 2234 Caesari
1197 2177 1312 2234 cadendi
1333 2176 1531 2247 relinquentur.
1554 2175 1710 2234 &modam
1727 2177 1802 2234 enirn

159 2275 239 2332 uibus
256 2275 290 2330 ad
302 2275 411 2341 coelrrm,
435 2284 462 2332 et
484 2273 546 2332 uxta
572 2273 599 2329 in
625 2282 725 2330 terram
751 2272 876 2346 genibus,
901 2287 958 2342 prae
1009 2285 1109 2327 nomen
1125 2269 1280 2328 Salomonis
1293 2271 1333 2326 ita
1348 2279 1377 2327 et
1392 2284 1461 2342 opus
1479 2270 1550 2342 ciras,
1565 2271 1691 2327 similiter
1703 2269 1802 2328 ctGae·

142 2365 400 2436 quadrantariam
414 2368 447 2423 ad
461 2363 621 2432 llorniuum,
639 2372 666 2420 ct
681 2364 769 2420 alinit:
786 2363 879 2420 Gloria
896 2361 956 2443 tibi¹
1009 2364 1091 2420 saris.
1107 2363 1237 2421 lliabolus
1249 2365 1321 2419 enim
1345 2378 1399 2419 non
1421 2363 1559 2419 immerito
1573 2377 1589 2418 a
1604 2364 1679 2418 eade
1694 2372 1722 2418 et
1737 2377 1803 2418 san·

160 2455 285 2524 bornine,
301 2457 348 2528 qui
367 2472 417 2514 nos
437 2467 490 2513 tant
508 2456 651 2530 magnifice
671 2455 742 2511 lacis
761 2454 893 2526 experiri,
909 2469 957 2509 ue·
1009 2459 1092 2530 guine
1109 2468 1137 2515 et
1156 2459 1241 2514 aronis
1262 2458 1401 2529 nequitie,
1413 2457 1513 2529 qulbus
1537 2471 1646 2528 semper
1669 2456 1801 2513 attondat.

159 2562 222 2602 rum
235 2563 296 2605 esse
311 2563 465 2606 sertrronem
484 2548 608 2618 Apostoli
624 2548 660 2604 tul
677 2547 794 2602 dicentis
817 2545 955 2602 Christum
1008 2550 1100 2607 consur
1116 2547 1275 2622 appellatus,
1292 2562 1450 2605 mensuram
1471 2547 1554 2619 taulus
1577 2547 1709 2614 nominis,
1724 2562 1803 2602 men·

159 2641 285 2696 babitare
300 2655 348 2711 per
366 2641 446 2697 iidem
465 2640 492 2696 iu
512 2640 642 2696 cordibus
662 2639 773 2695 nostris.
788 2640 886 2694 durren·
1007 2660 1071 2700 sura
1083 2641 1253 2700 crudelitatis
1271 2655 1380 2713 semper
1393 2641 1508 2714 implere
1522 2639 1634 2712 satagit,
1646 2641 1725 2713 justa
1737 2639 1804 2698 illud

444 2731 561 2790 sunno
590 2731 672 2788 xxti.
1008 2737 1164 2795 poeticum:
1618 2755 1625 2811 ζ

292 2837 320 2878 ιιι
335 2837 501 2880 rtrrvtrtrr
517 2838 543 2882 n·
562 2837 653 2878 ιιιιιιιι
666 2835 784 2879 ιιιῦιιιιι
794 2838 825 2878 ιι.
1043 2829 1135 2886 Curua
1150 2831 1178 2886 io
1192 2817 1272 2886 unni
1285 2831 1387 2900 lurcare,
1400 2829 1499 2896 uuilon,
1512 2828 1565 2885 nisi
1578 2825 1708 2900 rrngsine
1729 2826 1803 2897 (κιο,

193 2911 394 2972 Jucttndissima
419 2914 553 2972 Natit‘itas
574 2914 702 2986 gloriosae
723 2913 838 2986 virginis
862 2913 956 2972 blariae
1042 2899 1147 2956 ⁶⁰¹&ss
1163 2901 1339 2956 'illenim

158 3016 200 3066 tot
212 3007 384 3079 ab-itllilqllii
402 3007 523 3080 expellit
536 3009 619 3074 viliis,
636 3013 796 3082 exspectabit
815 3006 953 3078 suspiriis,
1006 3011 1041 3068 At
1056 3011 1186 3071 Salomon
1202 3023 1295 3070 ,noster
1309 3014 1458 3071 secundum
1471 3029 1569 3071 nomen
1583 3027 1662 3072 guum
1673 3026 1739 3070 pepp
1750 3025 1803 3084 pa.

157 3099 295 3169 exquisita
320 3099 470 3174 lacrymis,
488 3099 628 3158 vaticiniis
649 3107 826 3172 praecantata,
847 3099 953 3171 publiea
969 3119 991 3179 c
1008 3102 1113 3169 citieus,
1129 3102 1194 3159 lecit
1216 3114 1247 3158 ut
1264 3103 1363 3160 artilex
1378 3097 1596 3178 sapientissimus
1616 3105 1745 3162 tlrronum
1767 3105 1802 3159 du

154 3192 327 3263 juncunditate
344 3194 379 3251 ab
398 3194 526 3251 universo
548 3194 648 3249 mundo
671 3191 808 3249 celebrari
834 3191 952 3249 meruit:
1005 3198 1089 3254 ebore
1102 3196 1246 3267 grandem,
1265 3196 1342 3267 quasi
1355 3196 1473 3269 primum
1495 3206 1523 3252 et
1541 3196 1706 3268 praecipuum
1720 3196 1799 3268 parts

156 3285 223 3355 quia
238 3294 299 3357 post
313 3284 418 3357 longam
434 3284 525 3341 saeeuli
542 3281 679 3340 tristitiam
693 3282 808 3354 publice
820 3280 952 3353 jucundi·
1003 3304 1091 3359 opus:
1108 3289 1216 3358 quaudo
1229 3288 1365 3355 cbristus,
1379 3289 1425 3362 qui
1439 3298 1481 3346 est
1500 3304 1554 3360 pax
1575 3298 1679 3357 nostra,
1694 3288 1742 3359 qul
1757 3286 1806 3345 te..

158 3376 224 3433 tatis
238 3376 371 3447 primitias
392 3374 507 3431 interit.
525 3375 565 3431 Ae
585 3374 608 3431 si
623 3372 814 3445 primoragitu
829 3372 952 3429 infantiae
1003 3380 1042 3438 ott
1058 3388 1174 3451 ucraque
1185 3395 1278 3449 unum,
1295 3387 1325 3434 ut
1339 3379 1496 3450 pacidearct
1512 3394 1573 3451 quac
1593 3379 1622 3435 iu
1640 3377 1720 3435 eoelis
1735 3385 1811 3439 sunt

156 3481 211 3525 tuae
225 3470 299 3525 illam
319 3469 354 3525 ad
371 3483 468 3526 omnes
488 3466 559 3525 illios
579 3467 720 3523 bominum
737 3463 951 3521 eorrsolatiouem
1002 3482 1102 3545 unqua
1123 3472 1151 3529 in
1176 3480 1260 3541 terra,
1279 3482 1407 3543 uunquam
1421 3471 1635 3543 princepspacis
1653 3472 1806 3547 etruria«

157 3556 343 3629 evangelicam
357 3553 499 3629 protulerit
510 3554 604 3611 dicens
616 3572 623 3611 ε
634 3552 763 3625 lleapieitr
774 3565 799 3610 et
811 3554 895 3610 leonte
906 3570 952 3609 eo·
1002 3567 1086 3623 ,2quae
1100 3564 1497 3638 qqqoegnqggqmqmquqnqm
1508 3572 1537 3620 gg
1547 3563 1730 3626 pumqpqmm
1740 3577 1803 3624 mg.

157 3649 311 3717 pitauettru
324 3660 334 3699 :
347 3644 763 3719 ecceappropinquatredeurntr'o
777 3653 861 3700 cestra
873 3644 950 3719 (Luc.
1003 3656 1101 3715 {tuum
1124 3654 1206 3729 etegit
1229 3656 1282 3713 pipp
1305 3654 1332 3712 tn
1349 3665 1465 3712 mnam
1491 3655 1645 3727 propriam,
1671 3652 1751 3729 quusi
1770 3653 1801 3709 in

157 3744 229 3814 aar).
244 3741 321 3809 Quod
337 3740 409 3799 idem
425 3749 467 3799 cst
480 3754 513 3797 ae
525 3740 547 3795 si
561 3736 622 3795 aliis
636 3736 728 3793 uerbis
743 3734 865 3792 dicatur:
883 3736 952 3793 Eece
1002 3750 1067 3807 „qq
1087 3749 1165 3819 μοῖς
1186 3746 1386 3805 mediatricem.
1409 3744 1681 3809 qqponqgenqmqq
1694 3743 1799 3800 pchum
1898 3739 1905 3751 ¹

154 3836 213 3903 jam
235 3833 341 3906 paravit
365 3834 415 3889 sibi
433 3830 573 3903 Sapientia
598 3829 724 3886 tbronum
740 3829 902 3896 eburneum,
918 3830 952 3885 ad
1002 3848 1056 3907 aar,
1072 3842 1152 3898 godes
1167 3848 1209 3897 ost
1223 3849 1278 3897 tarn
1295 3838 1370 3909 regia
1388 3852 1469 3907 quam
1478 3834 1636 3907 judiciaria.
1651 3834 1692 3889 td
1704 3836 1800 3891 sedem

156 3926 318 3998 cogitandas
341 3924 523 3998 cogitationes
544 3922 622 3994 pacis
646 3922 798 3979 idoneum:
819 3929 952 3992 quatenus
1002 3932 1124 4005 partinet
1136 3933 1229 4003 quies,
1242 3933 1277 3989 ad
1293 3946 1386 4005 regent
1402 3931 1547 3998 bonot„ad
1563 3928 1683 4001 iudicem
1704 3926 1799 3983 timor.

157 4022 266 4085 illarum
288 4022 486 4091 cogitationum
509 4016 695 4075 saerosanctis
714 4014 883 4072 carminibus
909 4014 952 4071 in·
1003 4025 1046 4081 Ad
1059 4023 1179 4095 quietam
1201 4022 1369 4087 innocentia,
1381 4022 1418 4079 ad
1427 4022 1557 4083 bonorem
1572 4018 1689 4090 justitia,
1706 4016 1798 4073 buoni.

157 4122 276 4171 Mliissiae
290 4111 479 4189 ιιιιΙθιιωιίιιῧ
497 4120 524 4167 Oi
538 4110 640 4167 verilis
652 4108 678 4164 in
695 4106 775 4177 ltujtts
788 4107 879 4163 lhl'olll
897 4122 953 4163 tne-
1004 4116 1067 4173 liug
1077 4114 1112 4170 ad
1125 4114 1262 4170 timorem,
1270 4114 1308 4169 Dp
1318 4114 1407 4185 primo
1417 4110 1501 4167 habes
1514 4130 1521 4167 ;
1537 4109 1669 4175 peccati,
1680 4108 1795 4178 quiem,

156 4208 205 4263 dio
223 4205 275 4263 sibi
290 4204 357 4276 ipsis
371 4204 543 4269 obvient;et
562 4200 668 4273 iustitia
681 4210 709 4256 et
724 4215 776 4271 pat
798 4199 954 4257 osculantes
1004 4202 1292 4277 (Gom-rrspudblili)
1310 4199 1617 4259 bemcundozdnimo
1633 4197 1703 4269 jacti
1721 4196 1797 4255 redes
1883 4183 1888 4194 ’

157 4312 188 4353 se
202 4296 321 4353 invicem
337 4294 441 4351 mtrttris
455 4292 626 4362 amplexibus
638 4292 834 4363 astringantur.
852 4288 952 4346 llaete-
1003 4305 1042 4353 aa
1054 4296 1206 4366 ammoto:
1220 4294 1309 4362 godes,
1318 4292 1395 4351 idon
1408 4292 1516 4363 requies
1526 4304 1608 4361 quam
1619 4287 1759 4358 Sapientia
1768 4285 1797 4341 tn

157 4388 293 4445 nusenim
306 4385 439 4459 rapientia
450 4384 499 4441 [lei
512 4385 591 4455 quasi
621 4399 686 4456 roga
698 4392 727 4437 et
744 4384 857 4453 proluga
872 4394 955 4453 super
1004 4382 1131 4439 omnibus
1146 4382 1263 4453 quaerit,
1278 4382 1325 4437 sed
1344 4380 1372 4436 in
1386 4380 1453 4435 solis
1465 4378 1613 4435 brantilibus
1630 4390 1661 4435 se
1672 4375 1798 4431 invenire

157 4490 272 4544 terram,
288 4477 378 4535 locum
395 4476 441 4532 ubi
460 4476 656 4547 requiesceret,
677 4482 771 4545 aptum
799 4487 853 4529 non
878 4472 953 4529 inre·
968 4474 1091 4555 udicit,
1104 4472 1258 4545 iustoiliud
1275 4470 1441 4541 exemplum.
1452 4468 1491 4526 lle
1505 4468 1587 4524 tertio
1601 4483 1609 4525 a
1625 4464 1796 4535 Superquror

157 4573 209 4639 nit,
229 4580 343 4643 propter
364 4570 545 4627 bunrantuum
568 4566 689 4623 sordium
716 4564 846 4623 illuviem.
876 4561 954 4619 Nune
985 4628 987 4635 y
1005 4566 1149 4633 requiescet
1161 4564 1272 4633 tubitet
1283 4578 1368 4631 nrm,
1383 4562 1435 4616 nisi
1449 4575 1529 4630 super
1542 4556 1668 4617 bannilem
1681 4563 1708 4611 et
1723 4553 1797 4627 quie·

156 4674 250 4721 actem
264 4663 320 4720 lieo
337 4662 452 4733 gratias,
471 4658 536 4713 iecit
562 4658 589 4715 ci
610 4672 660 4717 rex
675 4656 806 4715 Salomon
824 4656 953 4713 tbronum
1005 4666 1073 4727 tatrt,
1096 4667 1122 4713 et
1144 4663 1297 4713 trementem
1309 4668 1442 4709 remanes
1458 4650 1550 4707 meoli
1563 4646 1631 4721 (lte.
1649 4645 1736 4717 extr.)
1749 4644 1795 4700 lo·

157 4759 193 4813 de
216 4755 302 4819 ebore
324 4754 466 4825 grandem.
486 4750 615 4807 Tbronus
630 4749 712 4807 seties
736 4758 778 4805 cst
800 4748 876 4820 regia
897 4748 955 4804 nire
1005 4750 1139 4811 umentia
1165 4759 1211 4809 est
1236 4761 1334 4807 carere
1354 4744 1512 4818 probibita3
1536 4740 1661 4814 iustitiae,
1684 4751 1801 4795 serrare

153 4845 308 4913 iudiciaria.
323 4842 534 4915 aeginetici:
551 4840 673 4897 Turonas
688 4849 750 4897 taur
772 4840 843 4897 Deua
863 4841 891 4895 in
904 4854 954 4897 roev
1005 4848 1154 4913 praceptt3
1168 4838 1341 4903 humilitatis,
1354 4836 1454 4915 timere
1467 4832 1579 4906 iudicia,
1594 4839 1623 4889 et
1631 4830 1722 4889 omnia
1737 4842 1797 4892 mc·

156 4940 247 4995 calum
262 4938 363 5005 auruli,
378 4938 454 5009 uirgo
467 4934 611 5007 equitatio,
622 4934 699 5005 uirga
718 4934 790 5006 regni
808 4933 847 4987 tui
864 4930 951 5004 (Ριιιι.
1004 4933 1131 5000 ritasoa,
1142 4930 1221 5003 quasi
1239 4944 1289 5003 pro
1313 4924 1398 4985 ninilo
1414 4933 1586 4997 computare,
1607 4922 1687 4996 iuxta
1707 4920 1795 4982 ibana

156 5031 244 5104 surr).
263 5029 424 5095 iudiciaria,
440 5038 470 5085 ιιι
483 5028 519 5088 tbi
534 5028 545 5085 a
559 5026 657 5083 Srdirti
670 5041 749 5096 super
764 5026 899 5089 tbronuut,
908 5023 953 5095 qui
1004 5023 1072 5081 cm
1088 5021 1202 5091 feceritis
1216 5021 1305 5076 omniu
1317 5034 1377 5091 qttte
1390 5024 1520 5090 prerepto
1533 5022 1595 5070 sunt
1609 5012 1796 5079 calincione,

152 5126 263 5197 judiees
272 5124 408 5194 iustitium
423 5121 512 5194 (Paul.
524 5122 576 5193 tx).
591 5118 625 5173 lit
638 5119 666 5174 in
684 5115 831 5188 Evangelio
846 5135 853 5171 :
871 5114 953 5171 Sera·
1004 5115 1078 5185 Serui
1090 5112 1196 5171 tumltu
1215 5110 1398 5181 nuncupanti
1418 5108 1556 5164 deiciatur
1579 5105 1667 5170 lacere
1684 5104 1796 5177 lecimus

157 5218 219 5281 bilia
237 5226 262 5273 et
278 5233 322 5273 our
343 5230 423 5287 cuper
437 5211 708 5273 tirranot'duodreinr,
717 5210 871 5281 iudicantes
885 5207 954 5263 dato·
1004 5206 1082 5281 (ιιι.
1100 5204 1179 5276 arn).
1201 5204 1260 5261 lion
1283 5211 1374 5259 tamea
1398 5200 1433 5258 ιιι
1454 5197 1605 5271 quemlibet
1623 5196 1796 5253 innocentem

156 5308 243 5365 domm
256 5307 340 5363 triiru
360 5304 446 5362 lsrael
459 5303 569 5376 (llrttb.
586 5300 654 5372 xrs).
671 5300 724 5356 Sed
751 5298 879 5369 quoniam
903 5298 954 5353 bo·
1004 5303 1047 5359 rel
1061 5300 1192 5359 bumilem
1207 5296 1304 5353 relerri
1318 5302 1412 5373 potest
1429 5292 1510 5362 lanius
1527 5290 1620 5347 tlrroni
1635 5286 1793 5356 descriptio.
1815 5337 1821 5352 ,

157 5416 210 5459 nor
226 5400 298 5469 regis
307 5401 441 5473 iudicium
455 5397 553 5467 diligit,
566 5398 654 5452 bonor
668 5401 763 5449 autem
774 5390 872 5461 iudicis
890 5404 953 5462 per·
1003 5388 1200 5447 bauconus
1219 5385 1314 5443 eodem
1340 5384 1446 5457 legatur
1466 5384 1494 5439 iu
1516 5380 1713 5453 sequentibus:
1733 5373 1796 5429 Non

156 5506 253 5548 sonam
278 5506 331 5547 nou
358 5490 467 5560 accipit,
485 5488 644 5557 nullumque
670 5484 770 5541 malum
791 5482 952 5553 impunitum
1002 5491 1041 5538 eat
1055 5481 1156 5552 laetum
1177 5476 1230 5534 tole
1254 5493 1318 5549 opst
1339 5477 1368 5532 in
1388 5476 1516 5533 ammrsls
1537 5470 1623 5543 regnis
1651 5465 1712 5538 (ιιι
1728 5464 1793 5537 lieu.

157 5584 299 5655 relinquit,
313 5584 459 5656 oportebat
475 5580 630 5640 moossaria
646 5588 677 5635 ut
694 5592 746 5634 rex
759 5584 788 5632 et
803 5576 887 5647 judex
901 5590 951 5631 no·
1003 5576 1043 5644 x),
1060 5572 1234 5630 manifestum
1255 5577 1298 5627 est
1311 5586 1366 5627 non
1381 5582 1462 5637 posse
1479 5561 1604 5632 intelligi,
1623 5558 1678 5617 nisi
1692 5558 1727 5616 de
1740 5558 1795 5617 lut·

156 5684 224 5744 ster,
240 5676 286 5747 qui
307 5678 378 5733 Deus
398 5676 529 5733 ultionum
542 5682 568 5730 et
588 5670 765 5729 consiliarius
789 5667 951 5740 appellator,
1004 5667 1118 5724 naillima
1133 5666 1257 5722 muliere.
1274 5662 1449 5719 llumillimus
1468 5655 1608 5713 bominum
1623 5650 1669 5707 ille
1689 5652 1795 5722 estqui

157 5771 234 5841 prius
258 5768 384 5827 ollerrrct
409 5768 569 5828 orientalibus
590 5766 666 5839 pacis
685 5762 846 5832 eonsilium,
869 5778 950 5834 quam
1003 5760 1108 5832 abipsa
1125 5756 1263 5829 Sapientia
1282 5754 1309 5811 in
1326 5765 1442 5825 persona
1456 5750 1675 5819 amumptutcsl,
1690 5744 1724 5803 cle
1740 5757 1796 5820 quo
