4000 6350
236 330 289 387 est
417 304 420 307 ’
721 324 907 381 ιιιιιιιιιι
922 320 1049 379 rnrctnt
1066 316 1197 377 sortus
1213 314 1367 375 aestuet
1806 312 1861 374 sss

237 451 295 499 tum
305 438 480 505 Talcmnum,
497 434 649 492 brinnando
660 434 854 493 crturcensem
867 438 933 492 acui
947 436 1020 491 idem
1034 439 1058 499 Α
1072 435 1143 503 ιιιοιι
1154 448 1227 489 anno
1243 431 1348 487 bontinl
1365 428 1446 495 test,
1462 426 1550 499 pridie
1563 440 1699 485 nensrum
1722 426 1864 497 Aprilium

238 541 332 605 pestes
349 530 450 601 atljecit
464 526 613 581 virtutibus
627 526 685 583 suis
700 526 900 592 braimensem,
916 534 946 582 ct
957 525 1022 580 llar-
1074 527 1140 583 teria
1156 527 1184 591 t,
1201 526 1263 580 luns
1275 524 1322 590 ιι,
1343 522 1420 577 risus
1432 522 1524 578 catab
1545 518 1696 576 innumeris
1723 519 1864 589 inspecto·

237 626 395 685 boncnscm.
407 630 435 675 ct
447 617 658 684 Prouincislem,
669 627 698 673 et
715 618 950 675 lemovicensem.
968 616 1022 673 ’lo-
1073 612 1149 668 ribus
1158 612 1184 665 in
1197 610 1293 667 Galliis
1305 618 1399 666 tantus
1415 607 1558 665 stellarum
1569 607 1722 673 discursus,
1735 614 1764 663 ut
1775 621 1862 677 gram

237 719 321 774 lesam
333 726 466 783 ortonnes
484 722 614 781 germano
636 724 687 764 stro
706 718 802 779 postea
822 712 899 767 emit.
915 711 955 766 lix
967 724 1020 765 una
1071 703 1335 769 consumerent,
1363 714 1413 771 pru
1433 700 1572 759 densitate
1590 707 1764 769 putarentur,
1788 712 1861 770 putas

235 805 359 875 pellicum
387 816 498 858 suanum
524 800 609 855 ilium
632 799 727 856 Ιιιιιιι
749 803 923 871 llcrtranom,
938 817 1020 873 nutem
1071 795 1182 865 quidam
1193 792 1296 864 opinati
1307 801 1371 849 sunt
1391 790 1535 849 cecidisse.
1560 789 1677 857 Quidam
1689 800 1794 847 uretrrm
1809 805 1843 847 es

237 894 371 951 ltutredetu
382 892 434 947 sibi
449 890 604 946 constituit.
628 890 657 944 lu
678 889 779 945 ultlma
794 900 877 947 atate
888 906 937 946 sua
951 906 1021 947 trae·
1073 898 1132 939 rum
1144 892 1245 939 molum
1259 877 1475 937 Gbrislisnitstis
1499 876 1670 948 Ῑιιῑιηιιιῑιῑῑ
1686 886 1759 933 subl·
1779 880 1862 935 britte

236 1000 293 1039 rern
309 983 386 1037 duxit
407 982 490 1035 uttam
513 981 586 1051 regis
612 979 838 1037 Tarraconensis.
857 982 887 1037 ln
910 981 962 1038 bac
975 984 1020 1037 ria
1071 974 1145 1033 enin
1171 972 1354 1043 subsequente
1368 978 1396 1027 ιι
1417 968 1537 1041 synodus
1560 969 1678 1027 Auernis
1692 968 1784 1026 habita
1805 978 1860 1033 est.

236 1058 482 1139 uteffiiolynrtana
498 1071 603 1139 primus
615 1068 736 1125 ornaium
761 1070 894 1127 laicorum
909 1085 1020 1127 crucent
1071 1064 1151 1119 etuis
1165 1064 1302 1121 lnebeats.
1318 1061 1481 1119 Persuasus
1497 1058 1569 1117 batte
1581 1062 1717 1133 synodum
1729 1060 1862 1131 generale

235 1162 352 1232 accepit,
376 1160 516 1234 arripiatur
537 1159 718 1229 abepiscopo
742 1159 832 1228 Pedii,
855 1162 902 1231 oni
925 1177 1020 1217 curam
1072 1156 1218 1213 concilium
1239 1155 1427 1211 celebraverat
1452 1150 1524 1209 ltlem
1551 1152 1677 1209 llrbanus
1691 1167 1762 1224 papa
1784 1152 1859 1221 sputl

236 1250 338 1309 Urbani
352 1264 429 1321 pape
440 1259 602 1318 susceperat
613 1250 641 1304 in
656 1248 861 1319 praedieatione,
875 1261 1020 1321 postquam
1072 1245 1250 1303 Placentiam.
1265 1245 1389 1301 liseeeait
1398 1252 1488 1301 autem
1497 1243 1633 1299 medicina
1645 1243 1858 1313 medumpam,

236 1338 306 1394 idern
322 1336 450 1394 llrbsnus
474 1336 502 1392 in
523 1337 670 1393 itineroad
693 1338 839 1394 concilium
860 1338 1022 1395 Clarenton-
1072 1337 1216 1409 plusquam
1244 1336 1349 1403 debuit,
1374 1338 1401 1392 iu
1429 1336 1592 1407 quibusdam
1619 1332 1747 1390 voluntas
1774 1332 1858 1389 eundi

236 1442 314 1489 ιιιιι
330 1432 408 1489 ιιιιι.
433 1432 501 1487 Erat
511 1441 603 1486 atttern
624 1432 699 1487 inter
712 1432 782 1488 alios
796 1446 889 1489 comcs
904 1432 1022 1489 llorice-
1072 1426 1284 1501 llieroeolymsm
1298 1428 1447 1499 subrepsit.
1461 1426 1529 1483 usn
1542 1434 1572 1483 et
1585 1424 1664 1487 multi
1687 1425 1819 1491 emmim.
1829 1434 1859 1481 et

235 1522 340 1588 liensis,
356 1523 399 1577 uir
411 1521 487 1577 amai
505 1523 630 1591 eorporis
648 1522 820 1578 obscenitate
839 1523 958 1589 iunianis,
970 1538 1022 1580 nnc
1071 1518 1172 1575 reclusi
1184 1518 1358 1586 cumpuncta,
1373 1518 1520 1575 domiciliis
1531 1520 1588 1576 sals
1600 1532 1654 1575 aott
1671 1519 1737 1575 sstis
1745 1518 1857 1589 sapien·

236 1615 299 1671 ideo
313 1615 444 1673 minusin
458 1613 895 1693 aliorumdelictainesorabilis:
912 1616 1021 1686 quipse
1073 1616 1115 1665 ter
1130 1608 1246 1677 relictis,
1262 1609 1388 1665 iretiarn
1413 1617 1608 1679 perrexeruut.
1630 1608 1746 1677 Quidam
1763 1618 1853 1665 tarsen

235 1701 337 1759 delicto
360 1703 447 1773 pstrls
458 1701 566 1758 modico
580 1703 725 1772 pucrulum
737 1704 764 1758 iu
774 1705 930 1761 obsidatum
947 1707 1022 1762 aeci-
1072 1700 1203 1757 orationis
1218 1700 1308 1771 gratia
1323 1698 1358 1755 ab
1373 1698 1519 1756 abbatibus
1539 1699 1598 1755 suis
1610 1709 1722 1771 accepts
1744 1698 1855 1755 licentis

236 1792 326 1860 plens.
340 1806 404 1847 eunt
418 1792 581 1861 excecavit,
602 1792 699 1850 oculos
713 1795 813 1852 miselli
827 1796 954 1854 nefandis
968 1814 1022 1853 un·
1035 1796 1057 1853 ll
1071 1790 1186 1863 proiecti
1210 1800 1273 1846 sunt
1287 1808 1296 1860 ;
1311 1790 1405 1861 plures
1420 1798 1511 1847 autern
1528 1790 1658 1863 largiendo
1672 1804 1703 1847 se
1716 1792 1859 1849 subduxe-

189 1894 195 1911 ·
236 1880 332 1949 gallius
342 1880 519 1958 sbnrmpeas.
1072 1892 1146 1941 rutrt.
1158 1883 1233 1941 llulti
1257 1884 1329 1939 enim
1349 1884 1384 1941 de
1398 1893 1479 1955 gente
1491 1884 1586 1955 plebea
1599 1898 1709 1943 crucem
1722 1884 1776 1941 sibi
1787 1884 1859 1941 diri-

270 1973 449 2031 Sreessnrus.
462 1974 591 2032 (lenaeus
604 1974 632 2031 in
646 1979 789 2035 occidente
813 1982 940 2050 apparuit
962 1989 1020 2037 tuta
1072 1976 1145 2034 nitus
1160 1977 1281 2031 innatam
1294 1973 1647 2043 iactitandeosteatsbaou
1660 1977 1734 2046 quod
1742 1986 1775 2032 et
1787 1976 1858 2031 idem

235 2061 322 2130 prima
335 2063 506 2119 bebdomada
527 2064 663 2122 octobris.
679 2066 769 2123 Nimia
784 2082 918 2138 spatarum
937 2070 1019 2125 inun·
1071 2063 1195 2136 quedam
1222 2062 1256 2120 de
1287 2063 1457 2121 mulierculis
1496 2072 1758 2134 ιιιῦιιιῐιιιθῐῦιῑὶ
1786 2066 1860 2133 ll¹¹⁰t¹

235 2152 345 2208 datione
359 2149 525 2210 autumnalia
551 2155 624 2213 satio
648 2156 796 2227 impellitur
812 2174 820 2223 a
836 2167 866 2215 ct
890 2159 1023 2229 senilitas
1071 2160 1183 2215 omnino
1198 2157 1299 2213 laisum
1329 2168 1391 2211 csse
1412 2155 1614 2226 deprebeusurtt
1635 2164 1689 2211 cst.
1711 2154 1768 2211 lilii
1795 2168 1860 2211 reru

235 2240 342 2310 irugum
358 2250 439 2297 terre
458 2243 593 2314 munitur.
605 2244 750 2303 Exercitus
765 2248 813 2303 liei
828 2249 958 2305 terminos
972 2264 1021 2316 pa·
1073 2249 1174 2306 terrum
1188 2248 1306 2305 calidum
1326 2247 1415 2302 instar
1428 2247 1519 2303 erucis
1531 2246 1583 2303 sibi
1602 2246 1802 2310 adhibuerunt,
1816 2246 1860 2301 uel

234 2344 368 2403 gaborum
393 2347 540 2403 aggressus
554 2334 671 2391 uiriliter
697 2338 762 2409 agit.
778 2336 900 2395 Primum
920 2340 1022 2395 bellum
1072 2349 1149 2411 peste
1159 2339 1309 2411 jactantie,
1324 2337 1368 2394 rel
1387 2337 1465 2393 bertae
1482 2336 1634 2393 voluntatis
1658 2338 1859 2393 ostentatione.

235 2421 288 2478 luit
308 2424 351 2480 eia
375 2424 410 2481 ad
438 2434 548 2496 pontem
574 2426 817 2496 Farlarlluruiuls,
842 2446 869 2486 rx
883 2431 1022 2487 llalcndas
1072 2430 1260 2491 Beatuuntlum
1276 2444 1340 2485 tere
1361 2427 1472 2485 liuberti
1485 2427 1630 2485 Gulscardi
1651 2428 1752 2497 litium,
1768 2427 1860 2499 liuge-

234 2519 324 2576 llartii
340 2538 349 2576 ε
365 2520 1023 2583 ιιιιιιιιιιιιιιιιιοιιιιιιιιιιι.8ιιιιιιιιιιιιι-
1071 2524 1106 2581 ιιι
1130 2525 1209 2581 ducis
1241 2523 1352 2579 tratrem
1386 2531 1497 2579 secutus
1521 2530 1565 2579 est
1590 2520 1749 2577 'laneredus
1773 2536 1860 2592 nepus

234 2608 290 2663 lum
303 2607 355 2666 tuit
371 2609 492 2680 eiaapnd
513 2610 631 2669 llioesm
643 2628 676 2682 nt
698 2614 891 2673 ltonssllsrtit
906 2620 953 2684 ;ia
967 2632 1023 2689 uae
1072 2630 1148 2683 suus,
1166 2625 1196 2671 ct
1213 2615 1364 2673 llielrardus
1379 2615 1414 2671 de
1435 2615 1601 2685 principatu.
1624 2612 1653 2668 ln
1672 2612 1780 2669 duobus
1802 2613 1860 2681 pri-

233 2698 317 2754 ctism
337 2700 434 2771 pagani
463 2702 541 2769 uicti,
568 2702 658 2759 ilices
680 2715 772 2778 capta.
786 2718 815 2764 et
829 2707 974 2765 Laodicia.
989 2708 1024 2765 Et
1073 2706 1125 2761 uris
1137 2705 1238 2776 praellis
1253 2704 1455 2777 praevaluerunt
1467 2703 1550 2761 ‘lurni
1568 2710 1787 2773 perungentem
1799 2701 1861 2757 siue

234 2802 297 2843 cum
314 2798 406 2845 essem
432 2790 573 2862 plusquam
597 2799 718 2851 trecenta
744 2798 829 2853 stillis
852 2808 1021 2857 armatorum
1072 2812 1135 2869 rege
1146 2806 1173 2855 et
1187 2798 1249 2855 sine
1262 2798 1342 2855 duce.
1364 2795 1457 2853 Primo
1483 2796 1555 2866 apud
1579 2792 1731 2851 Castellum
1758 2792 1861 2849 Ereso-

234 2883 262 2937 ιιι
283 2884 408 2944 exercitu
431 2884 601 2951 Christiano,
619 2894 696 2941 tanta
719 2886 760 2943 eis
780 2903 870 2945 rerum
895 2890 1018 2947 omnium
1071 2904 1167 2963 gorga,
1183 2886 1395 2959 quodomnibss
1411 2885 1505 2943 ineolis
1520 2900 1636 2941 uacuum
1651 2884 1804 2941 Citristiatti
1819 2884 1860 2939 in-

233 2975 396 3045 suppetebat
422 2978 512 3049 copia,
539 2986 571 3033 ut
597 2976 669 3033 aries
693 2994 749 3035 urto
770 2995 894 3049 nummo,
911 2982 1020 3039 bearis
1071 2987 1208 3037 trauersnt
1221 2980 1349 3037 omnibus
1363 2980 1451 3048 copiis
1467 2977 1609 3035 retertum.

234 3065 378 3120 duedecim
402 3068 521 3123 nutantis
547 3068 719 3126 scinderetur.
742 3069 923 3128 Guttusssus.
938 3070 1020 3129 'lurcl
1106 3070 1184 3139 Quod
1198 3080 1288 3128 utrum
1302 3070 1399 3127 timore
1413 3082 1447 3125 ιιι
1466 3067 1599 3125 industria
1614 3068 1711 3125 ineclae
1728 3069 1858 3140 reliquis·

234 3156 287 3228 iam
300 3172 335 3215 su
348 3161 427 3217 annis
441 3160 596 3233 llitltyniatn
611 3162 801 3231 possederant,
816 3179 877 3235 quae
898 3172 942 3221 est
953 3143 1056 3234 parsC
1072 3171 1143 3231 settt,
1160 3163 1297 3220 incertum
1311 3172 1365 3219 est.
1387 3160 1462 3218 Fons
1476 3170 1506 3216 et
1526 3170 1625 3230 puteus
1641 3177 1698 3230 ntro
1712 3162 1859 3218 castellum

235 3249 350 3308 llinoris
363 3253 445 3320 usiae,
466 3269 549 3323 quam
572 3255 732 3311 itomaniam
756 3256 861 3312 uicum.
874 3255 960 3326 flarius
972 3257 1021 3312 ‹lo-
1071 3255 1284 3322 sustentabatur,
1308 3260 1386 3310 estre
1401 3261 1472 3309 erat.
1490 3251 1549 3322 Quo
1561 3251 1730 3308 Gltristianis
1754 3253 1857 3320 ablate,

235 3343 325 3398 atinus
338 3352 399 3398 erat
420 3353 485 3400 tuuc
507 3344 673 3401 solttnanns.
700 3344 824 3415 Abiectis
836 3354 926 3401 autern
940 3359 1020 3401 srcu-
1071 3341 1220 3400 Ruinaldus
1234 3343 1357 3413 quidam,
1373 3357 1454 3412 quern
1467 3342 1564 3398 ducem
1577 3341 1628 3397 sibi
1643 3340 1779 3406 leecraot.
1796 3358 1858 3399 curu

235 3433 295 3497 bus,
314 3433 455 3491 coutinuis
471 3434 560 3490 tribus
583 3435 679 3490 dicbus
701 3436 831 3505 ingerunt
851 3435 943 3490 Tusci.
959 3434 1022 3490 Sol·
1071 3433 1166 3489 'lurein
1180 3434 1340 3490 consiliatus
1354 3443 1406 3502 est,
1429 3443 1460 3490 ut
1482 3432 1582 3488 iratres
1605 3447 1670 3490 sues
1689 3435 1744 3490 illis
1759 3437 1857 3504 prode-

236 3523 324 3579 danus
348 3534 438 3578 autent
462 3523 534 3593 apud
554 3524 653 3580 Persas
670 3535 723 3590 cst,
737 3526 783 3596 qul
797 3528 868 3597 apud
882 3527 1021 3586 Romanos
1070 3531 1123 3592 rel,
1139 3527 1163 3582 si
1179 3535 1281 3597 posset,
1296 3535 1324 3583 et
1336 3525 1519 3596 translegaret
1530 3523 1565 3580 ad
1577 3538 1636 3580 ees.
1652 3524 1727 3582 liubi
1740 3526 1777 3582 ibi
1792 3541 1856 3596 spo·

234 3613 384 3682 Augustus,
405 3613 488 3669 totius
509 3613 629 3670 orietuis
651 3624 680 3669 et
704 3616 825 3671 omnium
854 3617 1022 3675 sarracene·
1070 3625 1148 3672 statae
1165 3615 1231 3674 lacti
1255 3624 1333 3684 sunt;
1359 3617 1406 3672 alii
1423 3615 1466 3672 uel
1491 3617 1612 3687 sagittati
1628 3618 1795 3686 adsignare,
1814 3619 1855 3671 rel

237 3719 297 3760 rum
318 3715 418 3761 rector.
445 3706 578 3773 Quorum,
599 3708 681 3763 idest
694 3707 840 3764 Persarum
861 3710 1019 3780 imperium,
1070 3709 1235 3775 renuntiati,
1252 3707 1296 3764 rel
1308 3709 1408 3778 captlrl
1423 3708 1547 3764 abducti.
1568 3705 1645 3762 lianc
1659 3707 1775 3777 primam
1790 3723 1854 3776 per·

237 3797 299 3852 idco
316 3807 345 3852 ut
357 3799 474 3864 aestirun,
489 3799 583 3854 tandiu
597 3801 678 3855 durat
690 3818 698 3867 ς
713 3802 775 3872 quis
788 3813 856 3871 gens
866 3801 911 3857 illa
925 3817 1019 3873 parum
1070 3800 1235 3858 secutionem
1257 3799 1329 3868 passi
1344 3806 1409 3854 sunt
1423 3798 1573 3854 Cttristlani
1586 3799 1625 3866 ,5
1647 3799 1787 3854 llslendss
1803 3799 1857 3854 Οι-

236 3887 375 3953 bellicosa,
390 3898 418 3944 ιι
430 3889 532 3947 ιιιιιιι
551 3891 693 3961 sataguinis
721 3892 811 3962 ineps,
835 3892 920 3948 scurel
941 3907 1021 3948 aece-
1071 3891 1168 3947 tobris.
1181 3890 1330 3946 Audientes
1351 3897 1444 3946 autem
1463 3889 1565 3954 Tusci,
1587 3890 1660 3958 qued
1681 3889 1781 3944 Petrus
1794 3903 1857 3945 ere·

236 3987 309 4045 ptum
329 3980 470 4036 dediscere
486 3981 573 4036 nescit
596 3982 757 4047 servitiuma
775 3984 916 4053 ignorans,
931 3993 962 4038 ut
980 3985 1020 4040 ιιι
1070 3983 1156 4046 mita,
1182 3991 1210 4037 et
1236 3981 1378 4048 Galterus,
1407 3990 1585 4052 cognomento
1611 3979 1804 4048 Sinelralrere,
1830 3983 1857 4036 in

236 4068 374 4136 bucauus,
395 4071 456 4127 ideo
480 4071 569 4137 detes,
587 4073 781 4144 nequisquam
799 4076 912 4141 serviat,
927 4091 1018 4132 enses.
1070 4073 1190 4137 ciuitate,
1205 4073 1247 4129 cul
1264 4087 1360 4130 nomen
1373 4072 1485 4137 cinitot,
1499 4085 1584 4142 prope
1598 4071 1735 4128 llieaeuam
1749 4081 1856 4136 mscnt.

237 4158 294 4216 lloc
306 4175 389 4227 antro,
402 4161 448 4231 qui
464 4161 515 4215 lult
530 4177 617 4217 annus
629 4163 662 4217 lll
677 4161 814 4218 Guillelrni
830 4164 901 4235 regis
916 4164 1021 4235 llngtie
1070 4165 1161 4221 lerunt
1176 4175 1271 4221 contra
1282 4179 1340 4230 eos,
1354 4176 1381 4221 et
1396 4163 1572 4222 accurrentes
1590 4163 1773 4220 obviaverunt
1794 4163 1858 4218 Gal·

235 4251 267 4316 ll,
279 4252 403 4320 apparuit
417 4261 538 4309 coarctes
564 4251 693 4310 Kalendis
716 4253 842 4310 Octobris
858 4256 893 4310 ιι
908 4257 1018 4322 dicbus,
1071 4263 1148 4320 tero,
1164 4269 1243 4325 prtem
1267 4269 1328 4311 eurn
1356 4254 1447 4311 multis
1467 4263 1651 4322 peremerunt.
1667 4253 1765 4310 Petrus
1792 4267 1857 4309 vcro

235 4342 365 4411 rttaJorem
388 4343 490 4397 crinem
512 4343 639 4400 emittens
661 4347 696 4399 sd
716 4345 866 4413 Orientem,
886 4347 1018 4404 minorem
1066 4345 1121 4415 iarn
1143 4345 1406 4415 Cerretantlnopolim
1430 4345 1565 4411 redierat;
1593 4345 1725 4415 quonlam
1750 4344 1792 4400 illl
1811 4361 1857 4402 ae·

236 4446 332 4490 uersus
354 4433 561 4489 Euroaustrum.
590 4438 784 4507 apparuerunt
797 4448 826 4493 et
847 4439 908 4494 aliae
921 4440 1017 4506 stella,
1034 4437 1212 4528 „quiescere
1228 4451 1294 4508 gens
1306 4436 1427 4507 litigiosa
1442 4435 1562 4492 nolebat.
1585 4435 1666 4492 Turci
1681 4445 1774 4492 autera
1796 4451 1858 4492 ess·

235 4522 313 4590 quasi
333 4521 423 4592 jacula
450 4525 522 4578 intcr
534 4539 564 4580 se
577 4531 744 4584 emittentes.
762 4530 865 4587 Eodem
876 4545 948 4587 anno
962 4532 1018 4586 dn·
1072 4526 1163 4582 tellum
1176 4529 1280 4584 cinitot
1294 4527 1468 4592 obsederunt,
1484 4536 1513 4582 et
1526 4537 1665 4596 ceperunt,
1682 4535 1712 4583 et
1725 4527 1857 4583 tibridis-

236 4611 336 4666 sclrnus
350 4611 452 4681 primas
463 4612 567 4684 Angliae
584 4617 711 4673 tenebras
725 4633 901 4675 erroneorum
913 4618 1019 4691 lugiens
1069 4631 1120 4673 nus
1135 4617 1173 4673 ιιι
1196 4619 1320 4676 inuentus
1333 4617 1376 4676 vel
1390 4617 1563 4684 oeciderunt,
1576 4617 1619 4673 rcl
1636 4618 1851 4688 captivaverunt.

235 4701 349 4756 Romam
369 4702 428 4757 itit.
454 4701 594 4762 baldricus
606 4721 639 4764 cr
659 4707 829 4776 burguliensi
856 4709 954 4765 abbate
966 4709 1020 4766 bo-
1070 4709 1103 4764 Et
1128 4709 1179 4765 ltoc
1198 4710 1262 4766 itcrn
1283 4712 1356 4779 passl
1375 4719 1438 4766 sunt
1454 4709 1602 4766 Cltrlstisni
1623 4723 1717 4765 mense
1732 4709 1854 4766 Octobri.

236 4791 349 4850 lensium
364 4795 594 4868 archiepiscopus,
609 4800 656 4868 qui
676 4799 785 4870 scripsit
800 4800 940 4855 historiam
954 4799 1020 4859 llic·
1070 4799 1139 4856 liunt
1156 4801 1213 4856 brec
1225 4811 1384 4872 agerentur,
1399 4799 1564 4858 Gedelridus
1578 4814 1641 4855 eum
1656 4797 1788 4856 iratribus
1799 4801 1857 4856 suis

237 4889 469 4964 rosulyutilattetu,
497 4893 573 4959 dicit,
594 4896 666 4964 quod
685 4893 780 4959 Turci,
796 4893 842 4964 qui
859 4893 1017 4968 llierosoly-
1069 4889 1202 4948 balduine
1216 4901 1244 4949 et
1258 4893 1415 4959 Eustacbie,
1429 4901 1456 4949 cl
1477 4891 1626 4948 Balduiuus
1637 4893 1671 4948 de
1686 4891 1779 4946 Monte
1792 4905 1856 4947 eum

236 4979 289 5039 mis
302 4990 390 5044 erant.
414 4983 567 5052 sepulcrum
579 4984 687 5040 [lumini
703 4984 828 5040 sinebant
843 4985 922 5055 paulo
932 4985 1018 5041 hune·
1068 4983 1168 5038 tunnis
1181 4984 1237 5039 suis
1253 4999 1301 5052 per
1316 4984 1480 5053 llungariatn
1495 4993 1694 5050 commeantes,
1715 4983 1854 5039 Constan-

236 5070 386 5150 riliccntius
400 5072 505 5127 seruari
521 5091 529 5140 ;
544 5091 597 5129 nott
614 5076 676 5143 quoia
696 5075 810 5130 multum
831 5077 866 5133 dc
889 5077 1019 5148 religione
1069 5073 1209 5144 tinepolim
1224 5074 1491 5144 appropinquabant,
1504 5074 1646 5130 l‘odicusis
1658 5074 1815 5144 episcopus,
1828 5085 1857 5130 et

235 5160 391 5216 Gltristiana
410 5165 557 5231 curabunt,
582 5165 628 5220 sed
651 5167 779 5234 quostiam
801 5167 840 5224 sic
854 5169 1018 5225 utilitatibus
1068 5182 1161 5223 comcs
1184 5167 1353 5222 llaituuudus
1376 5182 1424 5236 per
1452 5165 1621 5222 Seluuariarn
1645 5165 1855 5238 gradiebantur.

234 5258 262 5305 et
273 5251 467 5321 cupiditatibus
492 5256 550 5312 suis
574 5255 787 5331 satislaciebant,
808 5274 857 5330 per
868 5260 1018 5317 oblationes
1069 5257 1145 5330 lluge
1159 5259 1290 5331 blagnus,
1311 5268 1337 5314 et
1351 5271 1444 5314 curares
1460 5257 1635 5314 flandrensis
1649 5257 1806 5322 liebertus,
1827 5267 1857 5312 et

235 5343 449 5412 admittentium,
465 5346 512 5418 qui
537 5347 678 5416 imperium
705 5363 784 5404 suurn
794 5349 850 5420 jam
862 5366 949 5421 usque
959 5352 1018 5406 du·
1069 5351 1139 5408 alius
1153 5351 1288 5407 liebertus
1302 5365 1395 5408 centres
1410 5349 1628 5406 llormannerum
1644 5361 1706 5404 curu
1727 5349 1785 5405 auis
1799 5348 1857 5404 lie·

236 5434 365 5490 tinellam
390 5437 583 5492 dilataverant.
609 5437 679 5492 llicit
695 5439 777 5494 etiarn
791 5441 1018 5514 quodcpiscopus
1069 5459 1141 5500 mam
1158 5454 1319 5515 praeeuntes,
1342 5443 1368 5498 in
1389 5441 1514 5511 Apuliam
1535 5442 1716 5498 devenerunt.
1731 5441 1857 5498 Audiens

235 5524 387 5590 Podiensis,
403 5527 515 5582 nontinc
538 5525 694 5594 llaimarus,
720 5530 824 5599 primus
847 5534 967 5590 omnium
989 5538 1017 5594 in
1068 5537 1240 5594 Beamundus
1263 5535 1363 5592 laruam
1389 5534 1522 5589 adtentus
1545 5547 1657 5601 eorum,
1685 5532 1855 5610 singulorum

236 5616 296 5692 ipso
320 5616 438 5672 coticilie
464 5615 679 5673 claromontensi
708 5615 844 5676 licentiam
861 5623 894 5680 ab
910 5625 1018 5686 tlrbauo
1068 5629 1249 5700 probitatibus
1264 5626 1406 5697 signisque
1426 5623 1623 5694 perscrutatis,
1648 5623 1760 5693 pallium
1782 5627 1855 5695 opti·
1884 5619 1886 5624 ’

236 5720 304 5777 papa
331 5706 436 5776 accepit
463 5708 545 5764 cundi
576 5705 800 5781 llierceolyntaut.
830 5712 899 5772 llicit
922 5727 1015 5786 ettam,
1068 5737 1141 5778 ttrutn
1166 5721 1215 5777 sibi
1239 5717 1367 5789 praecepit
1393 5717 1501 5785 allcrri;
1536 5716 1607 5785 qtred
1631 5729 1680 5784 per
1704 5716 1855 5787 particulas
