<?xml version="1.0" encoding="UTF-8"?>
<!DOCTYPE html PUBLIC "-//W3C//DTD XHTML 1.0 Transitional//EN"
    "http://www.w3.org/TR/xhtml1/DTD/xhtml1-transitional.dtd">
<html xmlns="http://www.w3.org/1999/xhtml" xml:lang="en" lang="en">
 <head>
  <title>
</title>
<meta http-equiv="Content-Type" content="text/html;charset=utf-8" />
  <meta name='ocr-system' content='tesseract 3.04.00' />
  <meta name='ocr-capabilities' content='ocr_page ocr_carea ocr_par ocr_line ocrx_word'/>
</head>
<body>
  <div class='ocr_page' id='page_1' title='image "./patrologiaecurs00hammgoog/patrologiaecurs00hammgoog_0472.png"; bbox 0 0 4000 6350; ppageno 0'>
   <div class='ocr_carea' id='block_1_1' title="bbox 227 284 1858 364">
    <p class='ocr_par' dir='ltr' id='par_1_1' title="bbox 227 284 1858 364">
     <span class='ocr_line' id='line_1_1' title="bbox 227 284 1858 364; baseline -0.02 0"><span class='ocrx_word' id='word_1_1' title='bbox 227 302 283 364; x_wconf 64' lang='grc'><strong>016</strong></span> <span class='ocrx_word' id='word_1_2' title='bbox 710 292 907 352; x_wconf 75' lang='lat' dir='ltr'><strong>itttmtiibtt</strong></span> <span class='ocrx_word' id='word_1_3' title='bbox 919 290 1045 350; x_wconf 78' lang='lat' dir='ltr'><strong>rututttt</strong></span> <span class='ocrx_word' id='word_1_4' title='bbox 1060 286 1188 347; x_wconf 75' lang='lat' dir='ltr'><strong>doniis</strong></span> <span class='ocrx_word' id='word_1_5' title='bbox 1202 284 1354 343; x_wconf 76' lang='lat' dir='ltr'><strong>bontcffl</strong></span> <span class='ocrx_word' id='word_1_6' title='bbox 1800 284 1858 341; x_wconf 70' lang='lat'><strong>950</strong></span> 
     </span>
    </p>
   </div>
   <div class='ocr_carea' id='block_1_2' title="bbox 222 396 1867 5788">
    <p class='ocr_par' dir='ltr' id='par_1_2' title="bbox 222 396 1867 5788">
     <span class='ocr_line' id='line_1_2' title="bbox 230 396 1854 489; baseline -0.02 -5"><span class='ocrx_word' id='word_1_7' title='bbox 230 434 274 485; x_wconf 91' lang='lat' dir='ltr'><strong>est</strong></span> <span class='ocrx_word' id='word_1_8' title='bbox 291 410 399 485; x_wconf 78' lang='lat' dir='ltr'><strong>tiator,</strong></span> <span class='ocrx_word' id='word_1_9' title='bbox 426 417 584 489; x_wconf 82' lang='lat' dir='ltr'><strong>stephanus</strong></span> <span class='ocrx_word' id='word_1_10' title='bbox 609 421 639 472; x_wconf 90' lang='lat' dir='ltr'><strong>et</strong></span> <span class='ocrx_word' id='word_1_11' title='bbox 665 413 794 472; x_wconf 84' lang='lat' dir='ltr'><strong>illoolaus</strong></span> <span class='ocrx_word' id='word_1_12' title='bbox 815 414 916 471; x_wconf 87' lang='lat' dir='ltr'><strong>mortui</strong></span> <span class='ocrx_word' id='word_1_13' title='bbox 941 412 1016 469; x_wconf 80' lang='lat' dir='ltr'><strong>saint.</strong></span> <span class='ocrx_word' id='word_1_14' title='bbox 1032 410 1161 469; x_wconf 77' lang='lat' dir='ltr'><strong>Antinum</strong></span> <span class='ocrx_word' id='word_1_15' title='bbox 1176 418 1247 475; x_wconf 82' lang='lat' dir='ltr'><strong>equo</strong></span> <span class='ocrx_word' id='word_1_16' title='bbox 1271 400 1415 467; x_wconf 73' lang='lat' dir='ltr'><strong>insidenti,</strong></span> <span class='ocrx_word' id='word_1_17' title='bbox 1431 408 1460 455; x_wconf 91' lang='lat' dir='ltr'><strong>et</strong></span> <span class='ocrx_word' id='word_1_18' title='bbox 1476 398 1527 454; x_wconf 87' lang='lat' dir='ltr'><strong>lter</strong></span> <span class='ocrx_word' id='word_1_19' title='bbox 1538 396 1639 468; x_wconf 72' lang='lat' dir='ltr'><strong>agenti.</strong></span> <span class='ocrx_word' id='word_1_20' title='bbox 1655 396 1789 466; x_wconf 78' lang='lat' dir='ltr'><strong>Apparuit</strong></span> <span class='ocrx_word' id='word_1_21' title='bbox 1803 410 1854 452; x_wconf 89' lang='lat' dir='ltr'><strong>an-</strong></span> 
     </span>
     <span class='ocr_line' id='line_1_3' title="bbox 230 488 1857 581; baseline -0.014 -14"><span class='ocrx_word' id='word_1_22' title='bbox 230 512 307 581; x_wconf 83' lang='lat' dir='ltr'><strong>spot</strong></span> <span class='ocrx_word' id='word_1_23' title='bbox 318 504 583 575; x_wconf 79' lang='lat' dir='ltr'><strong>Constantinopolim</strong></span> <span class='ocrx_word' id='word_1_24' title='bbox 597 502 796 560; x_wconf 76' lang='lat' dir='ltr'><strong>Gunsmminus</strong></span> <span class='ocrx_word' id='word_1_25' title='bbox 807 502 957 558; x_wconf 83' lang='lat' dir='ltr'><strong>monachus</strong></span> <span class='ocrx_word' id='word_1_26' title='bbox 968 501 1017 556; x_wconf 91' lang='lat' dir='ltr'><strong>im·</strong></span> <span class='ocrx_word' id='word_1_27' title='bbox 1068 510 1121 557; x_wconf 91' lang='lat' dir='ltr'><strong>tem</strong></span> <span class='ocrx_word' id='word_1_28' title='bbox 1139 496 1299 566; x_wconf 88' lang='lat' dir='ltr'><strong>inspeciem</strong></span> <span class='ocrx_word' id='word_1_29' title='bbox 1323 488 1488 547; x_wconf 72' lang='lat' dir='ltr'><strong>monstruosi</strong></span> <span class='ocrx_word' id='word_1_30' title='bbox 1513 488 1656 557; x_wconf 88' lang='lat' dir='ltr'><strong>animalis,</strong></span> <span class='ocrx_word' id='word_1_31' title='bbox 1673 488 1750 557; x_wconf 84' lang='lat' dir='ltr'><strong>ctsjus</strong></span> <span class='ocrx_word' id='word_1_32' title='bbox 1771 504 1857 545; x_wconf 89' lang='lat' dir='ltr'><strong>aures</strong></span> 
     </span>
     <span class='ocr_line' id='line_1_4' title="bbox 232 578 1858 671; baseline -0.012 -16"><span class='ocrx_word' id='word_1_33' title='bbox 232 610 320 671; x_wconf 88' lang='lat' dir='ltr'><strong>perat.</strong></span> <span class='ocrx_word' id='word_1_34' title='bbox 335 595 415 653; x_wconf 73' lang='lat' dir='ltr'><strong>tuti.</strong></span> <span class='ocrx_word' id='word_1_35' title='bbox 431 594 562 664; x_wconf 71' lang='lat' dir='ltr'><strong>llapister</strong></span> <span class='ocrx_word' id='word_1_36' title='bbox 576 592 654 665; x_wconf 70' lang='lat' dir='ltr'><strong>liupo</strong></span> <span class='ocrx_word' id='word_1_37' title='bbox 669 594 698 648; x_wconf 91' lang='lat' dir='ltr'><strong>iu</strong></span> <span class='ocrx_word' id='word_1_38' title='bbox 711 593 869 660; x_wconf 77' lang='lat' dir='ltr'><strong>chronicis,</strong></span> <span class='ocrx_word' id='word_1_39' title='bbox 883 600 945 664; x_wconf 91' lang='lat' dir='ltr'><strong>post</strong></span> <span class='ocrx_word' id='word_1_40' title='bbox 965 592 1016 645; x_wconf 84' lang='lat' dir='ltr'><strong>llo·</strong></span> <span class='ocrx_word' id='word_1_41' title='bbox 1067 601 1094 646; x_wconf 92' lang='lat' dir='ltr'><strong>et</strong></span> <span class='ocrx_word' id='word_1_42' title='bbox 1108 590 1194 647; x_wconf 91' lang='lat' dir='ltr'><strong>cauda</strong></span> <span class='ocrx_word' id='word_1_43' title='bbox 1208 587 1278 642; x_wconf 91' lang='lat' dir='ltr'><strong>asini</strong></span> <span class='ocrx_word' id='word_1_44' title='bbox 1295 592 1389 650; x_wconf 90' lang='lat' dir='ltr'><strong>erant,</strong></span> <span class='ocrx_word' id='word_1_45' title='bbox 1406 592 1505 639; x_wconf 82' lang='lat' dir='ltr'><strong>caetera</strong></span> <span class='ocrx_word' id='word_1_46' title='bbox 1521 582 1592 637; x_wconf 88' lang='lat' dir='ltr'><strong>ursi.</strong></span> <span class='ocrx_word' id='word_1_47' title='bbox 1608 580 1732 650; x_wconf 80' lang='lat' dir='ltr'>Cumque</span> <span class='ocrx_word' id='word_1_48' title='bbox 1750 578 1858 636; x_wconf 71' lang='lat' dir='ltr'><strong>lassus</strong></span> 
     </span>
     <span class='ocr_line' id='line_1_5' title="bbox 233 668 1854 755; baseline -0.014 -9"><span class='ocrx_word' id='word_1_49' title='bbox 233 689 323 746; x_wconf 88' lang='lat' dir='ltr'><strong>vilium</strong></span> <span class='ocrx_word' id='word_1_50' title='bbox 340 697 368 743; x_wconf 89' lang='lat' dir='ltr'><strong>et</strong></span> <span class='ocrx_word' id='word_1_51' title='bbox 377 686 587 743; x_wconf 81' lang='lat' dir='ltr'><strong>Constantinum</strong></span> <span class='ocrx_word' id='word_1_52' title='bbox 599 684 710 748; x_wconf 82' lang='lat' dir='ltr'><strong>iratres,</strong></span> <span class='ocrx_word' id='word_1_53' title='bbox 722 698 791 755; x_wconf 82' lang='lat' dir='ltr'><strong>quos</strong></span> <span class='ocrx_word' id='word_1_54' title='bbox 805 684 932 755; x_wconf 87' lang='lat' dir='ltr'><strong>superins</strong></span> <span class='ocrx_word' id='word_1_55' title='bbox 943 696 1016 755; x_wconf 75' lang='lat' dir='ltr'><strong>prae·</strong></span> <span class='ocrx_word' id='word_1_56' title='bbox 1067 676 1346 745; x_wconf 77' lang='lat' dir='ltr'><strong>tresuelactuslupam</strong></span> <span class='ocrx_word' id='word_1_57' title='bbox 1358 674 1449 740; x_wconf 85' lang='lat' dir='ltr'><strong>iniret,</strong></span> <span class='ocrx_word' id='word_1_58' title='bbox 1462 672 1590 729; x_wconf 84' lang='lat' dir='ltr'><strong>clamarit</strong></span> <span class='ocrx_word' id='word_1_59' title='bbox 1601 678 1754 727; x_wconf 89' lang='lat' dir='ltr'><strong>monstrum</strong></span> <span class='ocrx_word' id='word_1_60' title='bbox 1767 668 1854 724; x_wconf 87' lang='lat' dir='ltr'><strong>illud:</strong></span> 
     </span>
     <span class='ocr_line' id='line_1_6' title="bbox 232 760 1856 849; baseline -0.012 -13"><span class='ocrx_word' id='word_1_61' title='bbox 232 765 434 843; x_wconf 72' lang='lat' dir='ltr'><strong>nominaverat,</strong></span> <span class='ocrx_word' id='word_1_62' title='bbox 455 778 532 849; x_wconf 91' lang='lat' dir='ltr'><strong>ponit</strong></span> <span class='ocrx_word' id='word_1_63' title='bbox 553 776 764 834; x_wconf 80' lang='lat' dir='ltr'><strong>Constantinum</strong></span> <span class='ocrx_word' id='word_1_64' title='bbox 789 776 900 832; x_wconf 86' lang='lat' dir='ltr'><strong>iratrem</strong></span> <span class='ocrx_word' id='word_1_65' title='bbox 922 772 1016 830; x_wconf 84' lang='lat' dir='ltr'><strong>Basilii</strong></span> <span class='ocrx_word' id='word_1_66' title='bbox 1070 791 1080 825; x_wconf 92' lang='lat' dir='ltr'><strong>s</strong></span> <span class='ocrx_word' id='word_1_67' title='bbox 1097 770 1255 837; x_wconf 74' lang='lat' dir='ltr'><strong>liuliorlr,</strong></span> <span class='ocrx_word' id='word_1_68' title='bbox 1271 781 1470 839; x_wconf 79' lang='lat' dir='ltr'><strong>expavescere3</strong></span> <span class='ocrx_word' id='word_1_69' title='bbox 1486 762 1746 820; x_wconf 86' lang='lat' dir='ltr'><strong>scitomelsominem</strong></span> <span class='ocrx_word' id='word_1_70' title='bbox 1757 760 1856 827; x_wconf 87' lang='lat' dir='ltr'><strong>luisse,</strong></span> 
     </span>
     <span class='ocr_line' id='line_1_7' title="bbox 233 856 1856 937; baseline -0.012 -12"><span class='ocrx_word' id='word_1_71' title='bbox 233 868 321 925; x_wconf 87' lang='lat' dir='ltr'><strong>solum</strong></span> <span class='ocrx_word' id='word_1_72' title='bbox 334 884 343 922; x_wconf 81' lang='lat' dir='ltr'><strong>a</strong></span> <span class='ocrx_word' id='word_1_73' title='bbox 358 876 419 936; x_wconf 86' lang='lat' dir='ltr'><strong>post</strong></span> <span class='ocrx_word' id='word_1_74' title='bbox 439 867 512 923; x_wconf 88' lang='lat' dir='ltr'><strong>ltuttc</strong></span> <span class='ocrx_word' id='word_1_75' title='bbox 532 865 684 921; x_wconf 78' lang='lat' dir='ltr'><strong>Romanum</strong></span> <span class='ocrx_word' id='word_1_76' title='bbox 704 876 835 937; x_wconf 66' lang='lat' dir='ltr'><strong>generum</strong></span> <span class='ocrx_word' id='word_1_77' title='bbox 854 865 931 933; x_wconf 82' lang='lat' dir='ltr'><strong>eius;</strong></span> <span class='ocrx_word' id='word_1_78' title='bbox 954 879 1016 921; x_wconf 89' lang='lat' dir='ltr'><strong>curn</strong></span> <span class='ocrx_word' id='word_1_79' title='bbox 1067 864 1140 917; x_wconf 89' lang='lat' dir='ltr'><strong>sicut</strong></span> <span class='ocrx_word' id='word_1_80' title='bbox 1157 871 1185 925; x_wconf 91' lang='lat' dir='ltr'><strong>tu</strong></span> <span class='ocrx_word' id='word_1_81' title='bbox 1200 876 1242 917; x_wconf 89' lang='lat' dir='ltr'><strong>es.</strong></span> <span class='ocrx_word' id='word_1_82' title='bbox 1257 858 1310 915; x_wconf 86' lang='lat' dir='ltr'><strong>Sed</strong></span> <span class='ocrx_word' id='word_1_83' title='bbox 1332 860 1394 929; x_wconf 78' lang='lat' dir='ltr'><strong>unia</strong></span> <span class='ocrx_word' id='word_1_84' title='bbox 1413 856 1563 913; x_wconf 76' lang='lat' dir='ltr'><strong>bestialiter</strong></span> <span class='ocrx_word' id='word_1_85' title='bbox 1577 856 1642 917; x_wconf 84' lang='lat' dir='ltr'><strong>uisi,</strong></span> <span class='ocrx_word' id='word_1_86' title='bbox 1660 861 1721 924; x_wconf 90' lang='lat' dir='ltr'><strong>post</strong></span> <span class='ocrx_word' id='word_1_87' title='bbox 1738 862 1856 908; x_wconf 86' lang='lat' dir='ltr'><strong>mortem</strong></span> 
     </span>
     <span class='ocr_line' id='line_1_8' title="bbox 233 944 1856 1025; baseline -0.011 -9"><span class='ocrx_word' id='word_1_88' title='bbox 233 972 319 1017; x_wconf 76' lang='lat' dir='ltr'><strong>uxore</strong></span> <span class='ocrx_word' id='word_1_89' title='bbox 331 958 398 1025; x_wconf 75' lang='lat' dir='ltr'><strong>zoe,</strong></span> <span class='ocrx_word' id='word_1_90' title='bbox 417 959 517 1014; x_wconf 87' lang='lat' dir='ltr'><strong>deinde</strong></span> <span class='ocrx_word' id='word_1_91' title='bbox 535 957 696 1015; x_wconf 84' lang='lat' dir='ltr'><strong>llicbaelevo</strong></span> <span class='ocrx_word' id='word_1_92' title='bbox 721 957 930 1013; x_wconf 81' lang='lat' dir='ltr'><strong>Etberiarcbum</strong></span> <span class='ocrx_word' id='word_1_93' title='bbox 952 971 1015 1011; x_wconf 86' lang='lat' dir='ltr'><strong>cnm</strong></span> <span class='ocrx_word' id='word_1_94' title='bbox 1066 962 1228 1025; x_wconf 72' lang='lat' dir='ltr'><strong>presentem</strong></span> <span class='ocrx_word' id='word_1_95' title='bbox 1241 954 1334 1009; x_wconf 76' lang='lat' dir='ltr'><strong>bestia</strong></span> <span class='ocrx_word' id='word_1_96' title='bbox 1345 948 1579 1021; x_wconf 87' lang='lat' dir='ltr'><strong>speeiemindul.t</strong></span> <span class='ocrx_word' id='word_1_97' title='bbox 1596 948 1635 1004; x_wconf 84' lang='lat' dir='ltr'><strong>td</strong></span> <span class='ocrx_word' id='word_1_98' title='bbox 1648 944 1856 1018; x_wconf 81' lang='lat' dir='ltr'><strong>qinomllassus:</strong></span> 
     </span>
     <span class='ocr_line' id='line_1_9' title="bbox 234 1036 1859 1119; baseline -0.011 -12"><span class='ocrx_word' id='word_1_99' title='bbox 234 1049 586 1115; x_wconf 66' lang='lat' dir='ltr'><strong>tremendissimum</strong></span> <span class='ocrx_word' id='word_1_100' title='bbox 607 1050 846 1119; x_wconf 75' lang='lat' dir='ltr'><strong>Arcbuntopautui</strong></span> <span class='ocrx_word' id='word_1_101' title='bbox 866 1062 928 1103; x_wconf 89' lang='lat' dir='ltr'><strong>cum</strong></span> <span class='ocrx_word' id='word_1_102' title='bbox 948 1047 1015 1112; x_wconf 74' lang='lat' dir='ltr'><strong>zare,</strong></span> <span class='ocrx_word' id='word_1_103' title='bbox 1070 1044 1224 1113; x_wconf 81' lang='lat' dir='ltr'><strong>tQttisnam</strong></span> <span class='ocrx_word' id='word_1_104' title='bbox 1239 1044 1335 1100; x_wconf 90' lang='lat' dir='ltr'><strong>luistil</strong></span> <span class='ocrx_word' id='word_1_105' title='bbox 1349 1040 1459 1112; x_wconf 69' lang='lat' dir='ltr'><strong>-ligo,</strong></span> <span class='ocrx_word' id='word_1_106' title='bbox 1481 1042 1529 1105; x_wconf 88' lang='lat' dir='ltr'><strong>ait,</strong></span> <span class='ocrx_word' id='word_1_107' title='bbox 1544 1040 1601 1095; x_wconf 91' lang='lat' dir='ltr'><strong>selo</strong></span> <span class='ocrx_word' id='word_1_108' title='bbox 1616 1038 1723 1094; x_wconf 90' lang='lat' dir='ltr'><strong>numine</strong></span> <span class='ocrx_word' id='word_1_109' title='bbox 1740 1036 1859 1091; x_wconf 83' lang='lat' dir='ltr'><strong>Benedi-</strong></span> 
     </span>
     <span class='ocr_line' id='line_1_10' title="bbox 234 1129 1858 1205; baseline -0.011 -7"><span class='ocrx_word' id='word_1_110' title='bbox 234 1142 332 1198; x_wconf 87' lang='lat' dir='ltr'><strong>tleiude</strong></span> <span class='ocrx_word' id='word_1_111' title='bbox 354 1140 436 1197; x_wconf 89' lang='lat' dir='ltr'><strong>istum</strong></span> <span class='ocrx_word' id='word_1_112' title='bbox 452 1141 663 1197; x_wconf 60' lang='lat' dir='ltr'><strong>Consentinum</strong></span> <span class='ocrx_word' id='word_1_113' title='bbox 679 1141 844 1195; x_wconf 80' lang='lat' dir='ltr'><strong>monachum</strong></span> <span class='ocrx_word' id='word_1_114' title='bbox 865 1154 927 1194; x_wconf 88' lang='lat' dir='ltr'><strong>cum</strong></span> <span class='ocrx_word' id='word_1_115' title='bbox 949 1138 1016 1201; x_wconf 79' lang='lat' dir='ltr'><strong>zoe,</strong></span> <span class='ocrx_word' id='word_1_116' title='bbox 1068 1144 1126 1191; x_wconf 89' lang='lat' dir='ltr'><strong>ctus</strong></span> <span class='ocrx_word' id='word_1_117' title='bbox 1149 1136 1203 1203; x_wconf 88' lang='lat' dir='ltr'><strong>lni;</strong></span> <span class='ocrx_word' id='word_1_118' title='bbox 1228 1136 1273 1205; x_wconf 84' lang='lat' dir='ltr'><strong>qui</strong></span> <span class='ocrx_word' id='word_1_119' title='bbox 1291 1148 1378 1205; x_wconf 85' lang='lat' dir='ltr'><strong>nuper</strong></span> <span class='ocrx_word' id='word_1_120' title='bbox 1400 1132 1576 1203; x_wconf 87' lang='lat' dir='ltr'><strong>apostolicam</strong></span> <span class='ocrx_word' id='word_1_121' title='bbox 1605 1130 1697 1186; x_wconf 89' lang='lat' dir='ltr'><strong>sedem</strong></span> <span class='ocrx_word' id='word_1_122' title='bbox 1727 1129 1858 1198; x_wconf 77' lang='lat' dir='ltr'><strong>indignus</strong></span> 
     </span>
     <span class='ocr_line' id='line_1_11' title="bbox 233 1220 1859 1302; baseline -0.01 -13"><span class='ocrx_word' id='word_1_123' title='bbox 233 1233 283 1289; x_wconf 84' lang='lat' dir='ltr'><strong>setl</strong></span> <span class='ocrx_word' id='word_1_124' title='bbox 303 1246 358 1287; x_wconf 92' lang='lat' dir='ltr'><strong>nost</strong></span> <span class='ocrx_word' id='word_1_125' title='bbox 373 1232 552 1302; x_wconf 86' lang='lat' dir='ltr'><strong>pontt-annos</strong></span> <span class='ocrx_word' id='word_1_126' title='bbox 577 1231 696 1286; x_wconf 88' lang='lat' dir='ltr'><strong>illosum.</strong></span> <span class='ocrx_word' id='word_1_127' title='bbox 712 1230 848 1285; x_wconf 86' lang='lat' dir='ltr'><strong>llenrlens</strong></span> <span class='ocrx_word' id='word_1_128' title='bbox 867 1230 1017 1299; x_wconf 89' lang='lat' dir='ltr'><strong>imperator</strong></span> <span class='ocrx_word' id='word_1_129' title='bbox 1068 1229 1206 1286; x_wconf 76' lang='lat' dir='ltr'><strong>obtinuit</strong></span> <span class='ocrx_word' id='word_1_130' title='bbox 1224 1230 1265 1285; x_wconf 89' lang='lat' dir='ltr'><strong>ttd</strong></span> <span class='ocrx_word' id='word_1_131' title='bbox 1281 1232 1361 1297; x_wconf 80' lang='lat' dir='ltr'><strong>ostem</strong></span> <span class='ocrx_word' id='word_1_132' title='bbox 1375 1224 1536 1291; x_wconf 81' lang='lat' dir='ltr'><strong>illeeruid</strong></span> <span class='ocrx_word' id='word_1_133' title='bbox 1547 1223 1632 1279; x_wconf 84' lang='lat' dir='ltr'><strong>babes</strong></span> <span class='ocrx_word' id='word_1_134' title='bbox 1644 1220 1859 1277; x_wconf 73' lang='lat' dir='ltr'><strong>retributionis?</strong></span> 
     </span>
     <span class='ocr_line' id='line_1_12' title="bbox 233 1314 1858 1394; baseline -0.009 -14"><span class='ocrx_word' id='word_1_135' title='bbox 233 1325 333 1381; x_wconf 87' lang='lat' dir='ltr'><strong>iterum</strong></span> <span class='ocrx_word' id='word_1_136' title='bbox 349 1322 516 1394; x_wconf 74' lang='lat' dir='ltr'><strong>Hunpsriam</strong></span> <span class='ocrx_word' id='word_1_137' title='bbox 536 1322 748 1394; x_wconf 72' lang='lat' dir='ltr'><strong>inpressuscum</strong></span> <span class='ocrx_word' id='word_1_138' title='bbox 764 1320 1015 1392; x_wconf 78' lang='lat' dir='ltr'><strong>paucis,blbonem</strong></span> <span class='ocrx_word' id='word_1_139' title='bbox 1067 1348 1104 1366; x_wconf 83' lang='lat'><em>-</em></span> <span class='ocrx_word' id='word_1_140' title='bbox 1126 1321 1218 1387; x_wconf 82' lang='lat' dir='ltr'><strong>Nune,</strong></span> <span class='ocrx_word' id='word_1_141' title='bbox 1231 1320 1326 1389; x_wconf 82' lang='lat' dir='ltr'><strong>innuit,</strong></span> <span class='ocrx_word' id='word_1_142' title='bbox 1340 1318 1469 1389; x_wconf 82' lang='lat' dir='ltr'><strong>usquead</strong></span> <span class='ocrx_word' id='word_1_143' title='bbox 1481 1318 1549 1373; x_wconf 91' lang='lat' dir='ltr'><strong>diem</strong></span> <span class='ocrx_word' id='word_1_144' title='bbox 1567 1314 1663 1388; x_wconf 85' lang='lat' dir='ltr'><strong>judieii</strong></span> <span class='ocrx_word' id='word_1_145' title='bbox 1679 1330 1727 1386; x_wconf 89' lang='lat' dir='ltr'><strong>pes</strong></span> <span class='ocrx_word' id='word_1_146' title='bbox 1741 1314 1858 1369; x_wconf 90' lang='lat' dir='ltr'><strong>dumosa</strong></span> 
     </span>
     <span class='ocr_line' id='line_1_13' title="bbox 234 1406 1858 1488; baseline -0.007 -17"><span class='ocrx_word' id='word_1_147' title='bbox 234 1430 328 1488; x_wconf 66' lang='lat' dir='ltr'><strong>regem</strong></span> <span class='ocrx_word' id='word_1_148' title='bbox 353 1413 426 1470; x_wconf 91' lang='lat' dir='ltr'><strong>bello</strong></span> <span class='ocrx_word' id='word_1_149' title='bbox 445 1412 562 1484; x_wconf 72' lang='lat' dir='ltr'><strong>iugavit,</strong></span> <span class='ocrx_word' id='word_1_150' title='bbox 586 1420 616 1467; x_wconf 89' lang='lat' dir='ltr'><strong>et</strong></span> <span class='ocrx_word' id='word_1_151' title='bbox 641 1413 765 1467; x_wconf 84' lang='lat' dir='ltr'><strong>lasnoeam</strong></span> <span class='ocrx_word' id='word_1_152' title='bbox 790 1412 924 1482; x_wconf 71' lang='lat' dir='ltr'><strong>insignem</strong></span> <span class='ocrx_word' id='word_1_153' title='bbox 946 1412 1018 1481; x_wconf 73' lang='lat' dir='ltr'><strong>repis</strong></span> <span class='ocrx_word' id='word_1_154' title='bbox 1071 1423 1098 1469; x_wconf 89' lang='lat' dir='ltr'><strong>et</strong></span> <span class='ocrx_word' id='word_1_155' title='bbox 1113 1412 1267 1481; x_wconf 76' lang='lat' dir='ltr'><strong>sustalentia</strong></span> <span class='ocrx_word' id='word_1_156' title='bbox 1287 1418 1315 1465; x_wconf 93' lang='lat' dir='ltr'><strong>et</strong></span> <span class='ocrx_word' id='word_1_157' title='bbox 1329 1408 1447 1465; x_wconf 76' lang='lat' dir='ltr'><strong>sulfurea</strong></span> <span class='ocrx_word' id='word_1_158' title='bbox 1466 1407 1522 1465; x_wconf 91' lang='lat' dir='ltr'><strong>loca</strong></span> <span class='ocrx_word' id='word_1_159' title='bbox 1544 1416 1572 1463; x_wconf 93' lang='lat' dir='ltr'><strong>et</strong></span> <span class='ocrx_word' id='word_1_160' title='bbox 1592 1406 1673 1462; x_wconf 90' lang='lat' dir='ltr'><strong>letida</strong></span> <span class='ocrx_word' id='word_1_161' title='bbox 1692 1416 1719 1462; x_wconf 92' lang='lat' dir='ltr'><strong>et</strong></span> <span class='ocrx_word' id='word_1_162' title='bbox 1738 1406 1858 1462; x_wconf 89' lang='lat' dir='ltr'><strong>bullien-</strong></span> 
     </span>
     <span class='ocr_line' id='line_1_14' title="bbox 234 1494 1857 1575; baseline -0.006 -13"><span class='ocrx_word' id='word_1_163' title='bbox 234 1506 349 1575; x_wconf 83' lang='lat' dir='ltr'><strong>recepit.</strong></span> <span class='ocrx_word' id='word_1_164' title='bbox 370 1502 481 1561; x_wconf 86' lang='lat' dir='ltr'><strong>Petrum</strong></span> <span class='ocrx_word' id='word_1_165' title='bbox 496 1517 572 1567; x_wconf 84' lang='lat' dir='ltr'><strong>vero,</strong></span> <span class='ocrx_word' id='word_1_166' title='bbox 587 1516 668 1572; x_wconf 82' lang='lat' dir='ltr'><strong>ouem</strong></span> <span class='ocrx_word' id='word_1_167' title='bbox 688 1502 757 1559; x_wconf 77' lang='lat' dir='ltr'><strong>Alba</strong></span> <span class='ocrx_word' id='word_1_168' title='bbox 777 1504 929 1573; x_wconf 81' lang='lat' dir='ltr'><strong>expulerat,</strong></span> <span class='ocrx_word' id='word_1_169' title='bbox 946 1500 1018 1559; x_wconf 90' lang='lat' dir='ltr'><strong>liun-</strong></span> <span class='ocrx_word' id='word_1_170' title='bbox 1072 1506 1108 1559; x_wconf 92' lang='lat' dir='ltr'><strong>tia</strong></span> <span class='ocrx_word' id='word_1_171' title='bbox 1125 1512 1219 1573; x_wconf 91' lang='lat' dir='ltr'><strong>raptor</strong></span> <span class='ocrx_word' id='word_1_172' title='bbox 1236 1512 1264 1558; x_wconf 85' lang='lat' dir='ltr'><strong>et</strong></span> <span class='ocrx_word' id='word_1_173' title='bbox 1276 1500 1424 1573; x_wconf 87' lang='lat' dir='ltr'><strong>pertrabor</strong></span> <span class='ocrx_word' id='word_1_174' title='bbox 1439 1517 1447 1555; x_wconf 81' lang='lat' dir='ltr'><strong>r</strong></span> <span class='ocrx_word' id='word_1_175' title='bbox 1464 1508 1527 1570; x_wconf 90' lang='lat' dir='ltr'><strong>post</strong></span> <span class='ocrx_word' id='word_1_176' title='bbox 1539 1506 1691 1555; x_wconf 83' lang='lat' dir='ltr'><strong>extremum</strong></span> <span class='ocrx_word' id='word_1_177' title='bbox 1706 1512 1768 1554; x_wconf 88' lang='lat' dir='ltr'><strong>reso</strong></span> <span class='ocrx_word' id='word_1_178' title='bbox 1779 1494 1857 1569; x_wconf 79' lang='lat' dir='ltr'><strong>iudi·</strong></span> 
     </span>
     <span class='ocr_line' id='line_1_15' title="bbox 235 1588 1857 1669; baseline -0.006 -17"><span class='ocrx_word' id='word_1_179' title='bbox 235 1612 367 1668; x_wconf 74' lang='lat' dir='ltr'><strong>perosum</strong></span> <span class='ocrx_word' id='word_1_180' title='bbox 382 1612 469 1669; x_wconf 73' lang='lat' dir='ltr'><strong>reputo</strong></span> <span class='ocrx_word' id='word_1_181' title='bbox 484 1596 613 1660; x_wconf 86' lang='lat' dir='ltr'><strong>restituit,</strong></span> <span class='ocrx_word' id='word_1_182' title='bbox 626 1604 655 1651; x_wconf 91' lang='lat' dir='ltr'><strong>et</strong></span> <span class='ocrx_word' id='word_1_183' title='bbox 670 1594 838 1667; x_wconf 77' lang='lat' dir='ltr'><strong>ilungariam</strong></span> <span class='ocrx_word' id='word_1_184' title='bbox 856 1598 908 1654; x_wconf 89' lang='lat' dir='ltr'><strong>sibi</strong></span> <span class='ocrx_word' id='word_1_185' title='bbox 930 1598 1018 1653; x_wconf 90' lang='lat' dir='ltr'><strong>tribu·</strong></span> <span class='ocrx_word' id='word_1_186' title='bbox 1068 1595 1140 1651; x_wconf 89' lang='lat' dir='ltr'><strong>cium</strong></span> <span class='ocrx_word' id='word_1_187' title='bbox 1162 1608 1262 1663; x_wconf 88' lang='lat' dir='ltr'><strong>corpus</strong></span> <span class='ocrx_word' id='word_1_188' title='bbox 1287 1606 1376 1649; x_wconf 87' lang='lat' dir='ltr'><strong>meum</strong></span> <span class='ocrx_word' id='word_1_189' title='bbox 1397 1590 1480 1647; x_wconf 90' lang='lat' dir='ltr'><strong>timul</strong></span> <span class='ocrx_word' id='word_1_190' title='bbox 1502 1588 1621 1644; x_wconf 89' lang='lat' dir='ltr'><strong>animam</strong></span> <span class='ocrx_word' id='word_1_191' title='bbox 1645 1588 1857 1645; x_wconf 84' lang='lat' dir='ltr'><strong>irremediabilis</strong></span> 
     </span>
     <span class='ocr_line' id='line_1_16' title="bbox 236 1680 1856 1752; baseline -0.006 -7"><span class='ocrx_word' id='word_1_192' title='bbox 236 1690 332 1745; x_wconf 87' lang='lat' dir='ltr'><strong>tasiam</strong></span> <span class='ocrx_word' id='word_1_193' title='bbox 347 1686 421 1743; x_wconf 86' lang='lat' dir='ltr'><strong>lecit.</strong></span> <span class='ocrx_word' id='word_1_194' title='bbox 1068 1688 1208 1743; x_wconf 78' lang='lat' dir='ltr'><strong>eruciatus</strong></span> <span class='ocrx_word' id='word_1_195' title='bbox 1223 1696 1251 1741; x_wconf 88' lang='lat' dir='ltr'><strong>et</strong></span> <span class='ocrx_word' id='word_1_196' title='bbox 1269 1683 1461 1741; x_wconf 80' lang='lat' dir='ltr'><strong>irrevocabilis</strong></span> <span class='ocrx_word' id='word_1_197' title='bbox 1474 1683 1527 1739; x_wconf 89' lang='lat' dir='ltr'><strong>olls</strong></span> <span class='ocrx_word' id='word_1_198' title='bbox 1545 1682 1705 1752; x_wconf 67' lang='lat' dir='ltr'><strong>gehennalis</strong></span> <span class='ocrx_word' id='word_1_199' title='bbox 1729 1680 1856 1737; x_wconf 88' lang='lat' dir='ltr'><strong>basatlsri</strong></span> 
     </span>
     <span class='ocr_line' id='line_1_17' title="bbox 271 1774 1856 1850; baseline -0.006 -16"><span class='ocrx_word' id='word_1_200' title='bbox 271 1777 352 1834; x_wconf 80' lang='lat' dir='ltr'><strong>ibit.</strong></span> <span class='ocrx_word' id='word_1_201' title='bbox 366 1776 464 1833; x_wconf 78' lang='lat' dir='ltr'><strong>Fames</strong></span> <span class='ocrx_word' id='word_1_202' title='bbox 477 1776 567 1833; x_wconf 86' lang='lat' dir='ltr'><strong>valida</strong></span> <span class='ocrx_word' id='word_1_203' title='bbox 575 1776 691 1833; x_wconf 82' lang='lat' dir='ltr'><strong>Galliam</strong></span> <span class='ocrx_word' id='word_1_204' title='bbox 702 1786 731 1833; x_wconf 93' lang='grc' dir='ltr'><strong>ιι</strong></span> <span class='ocrx_word' id='word_1_205' title='bbox 741 1776 915 1835; x_wconf 82' lang='lat' dir='ltr'><strong>Germaniam</strong></span> <span class='ocrx_word' id='word_1_206' title='bbox 926 1788 1017 1840; x_wconf 84' lang='lat' dir='ltr'><strong>vernt.</strong></span> <span class='ocrx_word' id='word_1_207' title='bbox 1033 1794 1055 1850; x_wconf 76' lang='lat' dir='ltr'><strong>p</strong></span> <span class='ocrx_word' id='word_1_208' title='bbox 1070 1794 1113 1835; x_wconf 88' lang='lat' dir='ltr'><strong>me</strong></span> <span class='ocrx_word' id='word_1_209' title='bbox 1131 1776 1260 1850; x_wconf 72' lang='lat' dir='ltr'><strong>deglutiet</strong></span> <span class='ocrx_word' id='word_1_210' title='bbox 1271 1794 1279 1845; x_wconf 89' lang='grc'><strong>;</strong></span> <span class='ocrx_word' id='word_1_211' title='bbox 1291 1777 1334 1849; x_wconf 69' lang='lat' dir='ltr'><strong>{lta</strong></span> <span class='ocrx_word' id='word_1_212' title='bbox 1356 1786 1385 1833; x_wconf 93' lang='lat' dir='ltr'><strong>nt</strong></span> <span class='ocrx_word' id='word_1_213' title='bbox 1414 1774 1481 1831; x_wconf 83' lang='lat' dir='ltr'><strong>ntibi</strong></span> <span class='ocrx_word' id='word_1_214' title='bbox 1512 1774 1584 1831; x_wconf 93' lang='lat' dir='ltr'><strong>nulla</strong></span> <span class='ocrx_word' id='word_1_215' title='bbox 1603 1788 1666 1845; x_wconf 87' lang='lat' dir='ltr'><strong>spes</strong></span> <span class='ocrx_word' id='word_1_216' title='bbox 1686 1776 1856 1843; x_wconf 78' lang='lat' dir='ltr'><strong>inposterum</strong></span> 
     </span>
     <span class='ocr_line' id='line_1_18' title="bbox 235 1864 1856 1942; baseline -0.005 -17"><span class='ocrx_word' id='word_1_217' title='bbox 235 1869 310 1927; x_wconf 87' lang='lat' dir='ltr'><strong>ttbiit</strong></span> <span class='ocrx_word' id='word_1_218' title='bbox 324 1870 378 1926; x_wconf 86' lang='lat' dir='ltr'><strong>dua</strong></span> <span class='ocrx_word' id='word_1_219' title='bbox 393 1867 520 1933; x_wconf 83' lang='lat' dir='ltr'><strong>Gotltelo,</strong></span> <span class='ocrx_word' id='word_1_220' title='bbox 535 1869 615 1940; x_wconf 80' lang='lat' dir='ltr'><strong>sulus</strong></span> <span class='ocrx_word' id='word_1_221' title='bbox 629 1868 702 1925; x_wconf 79' lang='lat' dir='ltr'><strong>ilius</strong></span> <span class='ocrx_word' id='word_1_222' title='bbox 719 1868 896 1934; x_wconf 81' lang='lat' dir='ltr'><strong>liodelrldus,</strong></span> <span class='ocrx_word' id='word_1_223' title='bbox 911 1872 977 1927; x_wconf 89' lang='lat' dir='ltr'><strong>dum</strong></span> <span class='ocrx_word' id='word_1_224' title='bbox 992 1870 1019 1927; x_wconf 91' lang='lat' dir='ltr'><strong>el</strong></span> <span class='ocrx_word' id='word_1_225' title='bbox 1069 1868 1285 1942; x_wconf 86' lang='lat' dir='ltr'><strong>reestporationls</strong></span> <span class='ocrx_word' id='word_1_226' title='bbox 1302 1878 1399 1925; x_wconf 90' lang='lat' dir='ltr'><strong>restet.</strong></span> <span class='ocrx_word' id='word_1_227' title='bbox 1416 1886 1425 1920; x_wconf 92' lang='lat' dir='ltr'><strong>t</strong></span> <span class='ocrx_word' id='word_1_228' title='bbox 1442 1867 1508 1923; x_wconf 83' lang='lat' dir='ltr'><strong>Post</strong></span> <span class='ocrx_word' id='word_1_229' title='bbox 1530 1868 1587 1921; x_wconf 75' lang='lat' dir='ltr'><strong>baro</strong></span> <span class='ocrx_word' id='word_1_230' title='bbox 1606 1865 1687 1921; x_wconf 88' lang='lat' dir='ltr'><strong>rerba</strong></span> <span class='ocrx_word' id='word_1_231' title='bbox 1709 1864 1856 1934; x_wconf 80' lang='lat' dir='ltr'><strong>disparuit.</strong></span> 
     </span>
     <span class='ocr_line' id='line_1_19' title="bbox 237 1956 1858 2031; baseline -0.004 -14"><span class='ocrx_word' id='word_1_232' title='bbox 237 1964 351 2017; x_wconf 86' lang='lat' dir='ltr'><strong>ducatus</strong></span> <span class='ocrx_word' id='word_1_233' title='bbox 361 1959 575 2016; x_wconf 86' lang='lat' dir='ltr'><strong>llosellasosuttt</strong></span> <span class='ocrx_word' id='word_1_234' title='bbox 589 1960 749 2031; x_wconf 70' lang='lat' dir='ltr'><strong>denegatur,</strong></span> <span class='ocrx_word' id='word_1_235' title='bbox 762 1961 850 2019; x_wconf 90' lang='lat' dir='ltr'><strong>altero</strong></span> <span class='ocrx_word' id='word_1_236' title='bbox 862 1961 961 2018; x_wconf 86' lang='lat' dir='ltr'><strong>ducatu</strong></span> <span class='ocrx_word' id='word_1_237' title='bbox 976 1978 1020 2020; x_wconf 92' lang='lat' dir='ltr'><strong>re·</strong></span> <span class='ocrx_word' id='word_1_238' title='bbox 1069 1962 1173 2019; x_wconf 77' lang='lat' dir='ltr'><strong>inserat</strong></span> <span class='ocrx_word' id='word_1_239' title='bbox 1189 1970 1280 2017; x_wconf 91' lang='lat' dir='ltr'><strong>autem</strong></span> <span class='ocrx_word' id='word_1_240' title='bbox 1301 1962 1335 2017; x_wconf 90' lang='lat' dir='ltr'><strong>ab</strong></span> <span class='ocrx_word' id='word_1_241' title='bbox 1355 1962 1416 2031; x_wconf 91' lang='lat' dir='ltr'><strong>ipso</strong></span> <span class='ocrx_word' id='word_1_242' title='bbox 1438 1958 1616 2031; x_wconf 86' lang='lat' dir='ltr'><strong>pontillcatus</strong></span> <span class='ocrx_word' id='word_1_243' title='bbox 1637 1956 1754 2013; x_wconf 84' lang='lat' dir='ltr'><strong>exordio</strong></span> <span class='ocrx_word' id='word_1_244' title='bbox 1769 1971 1858 2026; x_wconf 81' lang='lat' dir='ltr'><strong>usque</strong></span> 
     </span>
     <span class='ocr_line' id='line_1_20' title="bbox 237 2046 1858 2121; baseline -0.004 -18"><span class='ocrx_word' id='word_1_245' title='bbox 237 2049 362 2121; x_wconf 88' lang='lat' dir='ltr'><strong>pudiato,</strong></span> <span class='ocrx_word' id='word_1_246' title='bbox 377 2059 473 2105; x_wconf 89' lang='lat' dir='ltr'><strong>contra</strong></span> <span class='ocrx_word' id='word_1_247' title='bbox 488 2048 681 2119; x_wconf 84' lang='lat' dir='ltr'><strong>imperatorem</strong></span> <span class='ocrx_word' id='word_1_248' title='bbox 693 2050 817 2107; x_wconf 84' lang='lat' dir='ltr'><strong>rebellat.</strong></span> <span class='ocrx_word' id='word_1_249' title='bbox 1070 2050 1103 2106; x_wconf 88' lang='lat' dir='ltr'><strong>ad</strong></span> <span class='ocrx_word' id='word_1_250' title='bbox 1119 2050 1200 2107; x_wconf 88' lang='lat' dir='ltr'><strong>linem</strong></span> <span class='ocrx_word' id='word_1_251' title='bbox 1212 2051 1277 2106; x_wconf 86' lang='lat' dir='ltr'><strong>vitae</strong></span> <span class='ocrx_word' id='word_1_252' title='bbox 1288 2049 1318 2106; x_wconf 90' lang='lat' dir='ltr'><strong>in</strong></span> <span class='ocrx_word' id='word_1_253' title='bbox 1330 2062 1410 2106; x_wconf 81' lang='lat' dir='ltr'><strong>steno</strong></span> <span class='ocrx_word' id='word_1_254' title='bbox 1423 2047 1537 2103; x_wconf 86' lang='lat' dir='ltr'><strong>inruriae</strong></span> <span class='ocrx_word' id='word_1_255' title='bbox 1547 2053 1739 2109; x_wconf 78' lang='lat' dir='ltr'><strong>conversatus,</strong></span> <span class='ocrx_word' id='word_1_256' title='bbox 1754 2054 1782 2099; x_wconf 91' lang='lat' dir='ltr'><strong>et</strong></span> <span class='ocrx_word' id='word_1_257' title='bbox 1796 2046 1858 2099; x_wconf 86' lang='lat' dir='ltr'><strong>ideo</strong></span> 
     </span>
     <span class='ocr_line' id='line_1_21' title="bbox 272 2136 1859 2211; baseline -0.005 -16"><span class='ocrx_word' id='word_1_258' title='bbox 272 2139 354 2196; x_wconf 74' lang='lat' dir='ltr'><strong>tots.</strong></span> <span class='ocrx_word' id='word_1_259' title='bbox 370 2138 536 2196; x_wconf 86' lang='lat' dir='ltr'><strong>Godelridus</strong></span> <span class='ocrx_word' id='word_1_260' title='bbox 559 2142 671 2196; x_wconf 81' lang='lat' dir='ltr'><strong>hortatu</strong></span> <span class='ocrx_word' id='word_1_261' title='bbox 695 2142 875 2211; x_wconf 75' lang='lat' dir='ltr'><strong>quorumdum</strong></span> <span class='ocrx_word' id='word_1_262' title='bbox 899 2142 1018 2199; x_wconf 82' lang='lat' dir='ltr'><strong>tdeitnm</strong></span> <span class='ocrx_word' id='word_1_263' title='bbox 1070 2143 1106 2199; x_wconf 91' lang='lat' dir='ltr'><strong>ab</strong></span> <span class='ocrx_word' id='word_1_264' title='bbox 1124 2141 1238 2198; x_wconf 90' lang='lat' dir='ltr'><strong>auribus</strong></span> <span class='ocrx_word' id='word_1_265' title='bbox 1261 2141 1330 2197; x_wconf 88' lang='lat' dir='ltr'><strong>asini</strong></span> <span class='ocrx_word' id='word_1_266' title='bbox 1358 2140 1385 2195; x_wconf 92' lang='lat' dir='ltr'><strong>in</strong></span> <span class='ocrx_word' id='word_1_267' title='bbox 1413 2140 1529 2194; x_wconf 87' lang='lat' dir='ltr'><strong>caudam</strong></span> <span class='ocrx_word' id='word_1_268' title='bbox 1553 2138 1711 2201; x_wconf 85' lang='lat' dir='ltr'><strong>desinebat;</strong></span> <span class='ocrx_word' id='word_1_269' title='bbox 1740 2136 1859 2190; x_wconf 70' lang='lat' dir='ltr'><strong>duxerat</strong></span> 
     </span>
     <span class='ocr_line' id='line_1_22' title="bbox 237 2228 1859 2303; baseline -0.007 -15"><span class='ocrx_word' id='word_1_270' title='bbox 237 2232 272 2289; x_wconf 90' lang='lat' dir='ltr'><strong>ad</strong></span> <span class='ocrx_word' id='word_1_271' title='bbox 282 2233 498 2303; x_wconf 79' lang='lat' dir='ltr'><strong>recuperandam</strong></span> <span class='ocrx_word' id='word_1_272' title='bbox 514 2232 687 2301; x_wconf 86' lang='lat' dir='ltr'><strong>imperatoris</strong></span> <span class='ocrx_word' id='word_1_273' title='bbox 700 2233 815 2301; x_wconf 66' lang='lat' dir='ltr'><strong>gratiam</strong></span> <span class='ocrx_word' id='word_1_274' title='bbox 827 2233 971 2301; x_wconf 78' lang='lat' dir='ltr'><strong>adductus,</strong></span> <span class='ocrx_word' id='word_1_275' title='bbox 985 2234 1020 2291; x_wconf 87' lang='lat' dir='ltr'><strong>sb</strong></span> <span class='ocrx_word' id='word_1_276' title='bbox 1070 2242 1161 2289; x_wconf 89' lang='lat' dir='ltr'><strong>autem</strong></span> <span class='ocrx_word' id='word_1_277' title='bbox 1170 2248 1219 2303; x_wconf 94' lang='lat' dir='ltr'><strong>per</strong></span> <span class='ocrx_word' id='word_1_278' title='bbox 1230 2240 1315 2287; x_wconf 93' lang='lat' dir='ltr'><strong>totum</strong></span> <span class='ocrx_word' id='word_1_279' title='bbox 1328 2230 1411 2285; x_wconf 79' lang='lat' dir='ltr'><strong>vitans</strong></span> <span class='ocrx_word' id='word_1_280' title='bbox 1424 2230 1575 2297; x_wconf 88' lang='lat' dir='ltr'><strong>carnalem,</strong></span> <span class='ocrx_word' id='word_1_281' title='bbox 1592 2228 1653 2284; x_wconf 91' lang='lat' dir='ltr'><strong>ldeo</strong></span> <span class='ocrx_word' id='word_1_282' title='bbox 1666 2237 1766 2281; x_wconf 73' lang='lat' dir='ltr'><strong>cetera</strong></span> <span class='ocrx_word' id='word_1_283' title='bbox 1776 2240 1859 2279; x_wconf 89' lang='lat' dir='ltr'><strong>ursus</strong></span> 
     </span>
     <span class='ocr_line' id='line_1_23' title="bbox 237 2319 1858 2397; baseline -0.005 -20"><span class='ocrx_word' id='word_1_284' title='bbox 237 2321 401 2395; x_wconf 84' lang='lat' dir='ltr'><strong>imperatore</strong></span> <span class='ocrx_word' id='word_1_285' title='bbox 423 2325 541 2397; x_wconf 86' lang='lat' dir='ltr'><strong>eapitur,</strong></span> <span class='ocrx_word' id='word_1_286' title='bbox 565 2332 594 2379; x_wconf 92' lang='grc' dir='ltr'><strong>ιι</strong></span> <span class='ocrx_word' id='word_1_287' title='bbox 614 2323 745 2379; x_wconf 81' lang='lat' dir='ltr'><strong>custtsdiae</strong></span> <span class='ocrx_word' id='word_1_288' title='bbox 763 2324 936 2394; x_wconf 87' lang='lat' dir='ltr'><strong>mancipatur</strong></span> <span class='ocrx_word' id='word_1_289' title='bbox 950 2340 958 2379; x_wconf 80' lang='lat' dir='ltr'><strong>a</strong></span> <span class='ocrx_word' id='word_1_290' title='bbox 972 2324 1020 2381; x_wconf 90' lang='lat' dir='ltr'><strong>sed</strong></span> <span class='ocrx_word' id='word_1_291' title='bbox 1069 2331 1141 2379; x_wconf 91' lang='lat' dir='ltr'><strong>erat.</strong></span> <span class='ocrx_word' id='word_1_292' title='bbox 1159 2322 1181 2379; x_wconf 91' lang='lat'>0</span> <span class='ocrx_word' id='word_1_293' title='bbox 1199 2338 1281 2393; x_wconf 79' lang='lat' dir='ltr'><strong>uuam</strong></span> <span class='ocrx_word' id='word_1_294' title='bbox 1304 2320 1404 2377; x_wconf 90' lang='lat' dir='ltr'><strong>melius</strong></span> <span class='ocrx_word' id='word_1_295' title='bbox 1428 2320 1465 2375; x_wconf 93' lang='lat' dir='ltr'><strong>illl</strong></span> <span class='ocrx_word' id='word_1_296' title='bbox 1487 2320 1597 2385; x_wconf 91' lang='lat' dir='ltr'><strong>luerat,</strong></span> <span class='ocrx_word' id='word_1_297' title='bbox 1622 2326 1652 2375; x_wconf 93' lang='lat' dir='ltr'><strong>ut</strong></span> <span class='ocrx_word' id='word_1_298' title='bbox 1668 2319 1858 2389; x_wconf 88' lang='lat' dir='ltr'><strong>episcopatum</strong></span> 
     </span>
     <span class='ocr_line' id='line_1_24' title="bbox 237 2409 1860 2486; baseline -0.006 -15"><span class='ocrx_word' id='word_1_299' title='bbox 237 2414 323 2473; x_wconf 84' lang='lat' dir='ltr'><strong>lilium</strong></span> <span class='ocrx_word' id='word_1_300' title='bbox 335 2418 491 2473; x_wconf 89' lang='lat' dir='ltr'><strong>suumdans</strong></span> <span class='ocrx_word' id='word_1_301' title='bbox 504 2418 639 2481; x_wconf 84' lang='lat' dir='ltr'><strong>obsidem,</strong></span> <span class='ocrx_word' id='word_1_302' title='bbox 654 2416 809 2482; x_wconf 85' lang='lat' dir='ltr'><strong>relaxatur;</strong></span> <span class='ocrx_word' id='word_1_303' title='bbox 824 2430 880 2486; x_wconf 82' lang='lat' dir='ltr'><strong>spuo</strong></span> <span class='ocrx_word' id='word_1_304' title='bbox 892 2415 1021 2473; x_wconf 87' lang='lat' dir='ltr'><strong>delunoto</strong></span> <span class='ocrx_word' id='word_1_305' title='bbox 1071 2414 1257 2471; x_wconf 76' lang='lat' dir='ltr'><strong>demsuissetl</strong></span> <span class='ocrx_word' id='word_1_306' title='bbox 1276 2414 1338 2471; x_wconf 77' lang='lat' dir='ltr'><strong>Post</strong></span> <span class='ocrx_word' id='word_1_307' title='bbox 1353 2417 1426 2472; x_wconf 85' lang='lat' dir='ltr'><strong>buno</strong></span> <span class='ocrx_word' id='word_1_308' title='bbox 1439 2412 1617 2469; x_wconf 80' lang='lat' dir='ltr'><strong>benedictum</strong></span> <span class='ocrx_word' id='word_1_309' title='bbox 1638 2411 1710 2467; x_wconf 86' lang='lat' dir='ltr'><strong>sedit</strong></span> <span class='ocrx_word' id='word_1_310' title='bbox 1723 2409 1860 2466; x_wconf 76' lang='lat' dir='ltr'><strong>silvester</strong></span> 
     </span>
     <span class='ocr_line' id='line_1_25' title="bbox 238 2501 1859 2580; baseline -0.008 -15"><span class='ocrx_word' id='word_1_311' title='bbox 238 2509 266 2565; x_wconf 90' lang='lat' dir='ltr'><strong>in</strong></span> <span class='ocrx_word' id='word_1_312' title='bbox 281 2510 417 2575; x_wconf 85' lang='lat' dir='ltr'><strong>obsidatu,</strong></span> <span class='ocrx_word' id='word_1_313' title='bbox 431 2510 531 2566; x_wconf 89' lang='lat' dir='ltr'><strong>iterum</strong></span> <span class='ocrx_word' id='word_1_314' title='bbox 543 2507 667 2565; x_wconf 87' lang='lat' dir='ltr'><strong>rebellat.</strong></span> <span class='ocrx_word' id='word_1_315' title='bbox 682 2506 856 2573; x_wconf 83' lang='lat' dir='ltr'><strong>Benedictus,</strong></span> <span class='ocrx_word' id='word_1_316' title='bbox 868 2508 917 2578; x_wconf 81' lang='lat' dir='ltr'><strong>qul</strong></span> <span class='ocrx_word' id='word_1_317' title='bbox 929 2507 1022 2565; x_wconf 80' lang='lat' dir='ltr'><strong>Simo·</strong></span> <span class='ocrx_word' id='word_1_318' title='bbox 1071 2508 1183 2580; x_wconf 71' lang='lat' dir='ltr'><strong>triginta</strong></span> <span class='ocrx_word' id='word_1_319' title='bbox 1201 2522 1262 2574; x_wconf 81' lang='lat' dir='ltr'><strong>ser,</strong></span> <span class='ocrx_word' id='word_1_320' title='bbox 1281 2515 1408 2579; x_wconf 86' lang='lat' dir='ltr'><strong>utsupra</strong></span> <span class='ocrx_word' id='word_1_321' title='bbox 1424 2502 1526 2561; x_wconf 87' lang='lat' dir='ltr'><strong>tiletum</strong></span> <span class='ocrx_word' id='word_1_322' title='bbox 1542 2512 1594 2571; x_wconf 90' lang='lat' dir='ltr'><strong>est,</strong></span> <span class='ocrx_word' id='word_1_323' title='bbox 1615 2502 1711 2559; x_wconf 86' lang='lat' dir='ltr'><strong>diebus</strong></span> <span class='ocrx_word' id='word_1_324' title='bbox 1721 2501 1859 2571; x_wconf 82' lang='lat' dir='ltr'><strong>qssiuqna-</strong></span> 
     </span>
     <span class='ocr_line' id='line_1_26' title="bbox 238 2594 1859 2673; baseline -0.004 -21"><span class='ocrx_word' id='word_1_325' title='bbox 238 2597 317 2669; x_wconf 78' lang='lat' dir='ltr'><strong>niaco</strong></span> <span class='ocrx_word' id='word_1_326' title='bbox 328 2604 454 2667; x_wconf 88' lang='lat' dir='ltr'><strong>papatum</strong></span> <span class='ocrx_word' id='word_1_327' title='bbox 465 2596 617 2653; x_wconf 82' lang='lat' dir='ltr'><strong>lionssnnsu</strong></span> <span class='ocrx_word' id='word_1_328' title='bbox 632 2598 782 2662; x_wconf 85' lang='lat' dir='ltr'><strong>invaserat,</strong></span> <span class='ocrx_word' id='word_1_329' title='bbox 794 2612 856 2653; x_wconf 86' lang='lat' dir='ltr'><strong>oum</strong></span> <span class='ocrx_word' id='word_1_330' title='bbox 867 2607 939 2654; x_wconf 90' lang='lat' dir='ltr'><strong>esset</strong></span> <span class='ocrx_word' id='word_1_331' title='bbox 948 2598 1022 2655; x_wconf 87' lang='lat' dir='ltr'><strong>rudis</strong></span> <span class='ocrx_word' id='word_1_332' title='bbox 1072 2600 1148 2671; x_wconf 76' lang='lat' dir='ltr'><strong>pinta</strong></span> <span class='ocrx_word' id='word_1_333' title='bbox 1163 2601 1295 2671; x_wconf 77' lang='lat' dir='ltr'><strong>utrinque.</strong></span> <span class='ocrx_word' id='word_1_334' title='bbox 1313 2598 1378 2658; x_wconf 72' lang='lat' dir='ltr'><strong>lost</strong></span> <span class='ocrx_word' id='word_1_335' title='bbox 1395 2614 1476 2673; x_wconf 80' lang='lat' dir='ltr'><strong>quem</strong></span> <span class='ocrx_word' id='word_1_336' title='bbox 1487 2598 1637 2670; x_wconf 74' lang='lat' dir='ltr'><strong>Gregorius</strong></span> <span class='ocrx_word' id='word_1_337' title='bbox 1647 2594 1680 2651; x_wconf 82' lang='lat' dir='ltr'><strong>vt</strong></span> <span class='ocrx_word' id='word_1_338' title='bbox 1693 2604 1759 2649; x_wconf 90' lang='lat' dir='ltr'><strong>ante</strong></span> <span class='ocrx_word' id='word_1_339' title='bbox 1769 2594 1859 2648; x_wconf 85' lang='lat' dir='ltr'><strong>dictus</strong></span> 
     </span>
     <span class='ocr_line' id='line_1_27' title="bbox 239 2686 1860 2767; baseline 0.002 -26"><span class='ocrx_word' id='word_1_340' title='bbox 239 2686 403 2753; x_wconf 87' lang='lat' dir='ltr'><strong>litterarum,</strong></span> <span class='ocrx_word' id='word_1_341' title='bbox 416 2690 530 2745; x_wconf 87' lang='lat' dir='ltr'><strong>alterum</strong></span> <span class='ocrx_word' id='word_1_342' title='bbox 543 2690 578 2745; x_wconf 86' lang='lat' dir='ltr'><strong>td</strong></span> <span class='ocrx_word' id='word_1_343' title='bbox 591 2689 665 2746; x_wconf 87' lang='lat' dir='ltr'><strong>vieev</strong></span> <span class='ocrx_word' id='word_1_344' title='bbox 683 2690 864 2746; x_wconf 87' lang='lat' dir='ltr'><strong>ecclesiastici</strong></span> <span class='ocrx_word' id='word_1_345' title='bbox 881 2688 960 2747; x_wconf 84' lang='lat' dir='ltr'><strong>odirii</strong></span> <span class='ocrx_word' id='word_1_346' title='bbox 977 2704 1023 2747; x_wconf 86' lang='grc' dir='ltr'><strong>ιι·</strong></span> <span class='ocrx_word' id='word_1_347' title='bbox 1072 2693 1232 2761; x_wconf 84' lang='lat' dir='ltr'><strong>Gratianus,</strong></span> <span class='ocrx_word' id='word_1_348' title='bbox 1247 2710 1355 2767; x_wconf 66' lang='lat' dir='ltr'><strong>magnae</strong></span> <span class='ocrx_word' id='word_1_349' title='bbox 1376 2692 1515 2767; x_wconf 68' lang='lat' dir='ltr'><strong>religionis</strong></span> <span class='ocrx_word' id='word_1_350' title='bbox 1529 2702 1557 2751; x_wconf 91' lang='grc' dir='ltr'><strong>ιι</strong></span> <span class='ocrx_word' id='word_1_351' title='bbox 1572 2690 1727 2750; x_wconf 85' lang='lat' dir='ltr'><strong>sattctltatis</strong></span> <span class='ocrx_word' id='word_1_352' title='bbox 1751 2688 1805 2757; x_wconf 87' lang='lat' dir='ltr'><strong>ris,</strong></span> <span class='ocrx_word' id='word_1_353' title='bbox 1825 2686 1860 2745; x_wconf 90' lang='lat' dir='ltr'><strong>de</strong></span> 
     </span>
     <span class='ocr_line' id='line_1_28' title="bbox 239 2778 1861 2857; baseline 0.001 -22"><span class='ocrx_word' id='word_1_354' title='bbox 239 2778 468 2850; x_wconf 84' lang='lat' dir='ltr'><strong>soqueudatleoit</strong></span> <span class='ocrx_word' id='word_1_355' title='bbox 482 2794 581 2852; x_wconf 90' lang='lat' dir='ltr'><strong>papam</strong></span> <span class='ocrx_word' id='word_1_356' title='bbox 593 2780 754 2838; x_wconf 71' lang='lat' dir='ltr'><strong>silvestrum</strong></span> <span class='ocrx_word' id='word_1_357' title='bbox 774 2782 932 2839; x_wconf 81' lang='lat' dir='ltr'><strong>consumari</strong></span> <span class='ocrx_word' id='word_1_358' title='bbox 944 2780 1021 2839; x_wconf 88' lang='lat' dir='ltr'><strong>lecit.</strong></span> <span class='ocrx_word' id='word_1_359' title='bbox 1072 2802 1126 2857; x_wconf 82' lang='lat' dir='ltr'><strong>quo</strong></span> <span class='ocrx_word' id='word_1_360' title='bbox 1138 2786 1350 2847; x_wconf 80' lang='lat' dir='ltr'><strong>Gulllemutltoe</strong></span> <span class='ocrx_word' id='word_1_361' title='bbox 1363 2787 1443 2847; x_wconf 81' lang='lat' dir='ltr'><strong>morib</strong></span> <span class='ocrx_word' id='word_1_362' title='bbox 1461 2788 1546 2844; x_wconf 87' lang='lat' dir='ltr'><strong>rolert</strong></span> <span class='ocrx_word' id='word_1_363' title='bbox 1562 2784 1607 2843; x_wconf 89' lang='lat' dir='ltr'><strong>:ls</strong></span> <span class='ocrx_word' id='word_1_364' title='bbox 1621 2784 1785 2841; x_wconf 80' lang='lat' dir='ltr'><strong>italtomani</strong></span> <span class='ocrx_word' id='word_1_365' title='bbox 1797 2798 1861 2851; x_wconf 83' lang='lat' dir='ltr'><strong>apo</strong></span> 
     </span>
     <span class='ocr_line' id='line_1_29' title="bbox 242 2870 1859 2955; baseline -0.009 -12"><span class='ocrx_word' id='word_1_366' title='bbox 242 2870 326 2943; x_wconf 64' lang='grc' dir='ltr'><strong>(ΝΜ</strong></span> <span class='ocrx_word' id='word_1_367' title='bbox 351 2884 413 2934; x_wconf 85' lang='lat' dir='ltr'><strong>cttttt</strong></span> <span class='ocrx_word' id='word_1_368' title='bbox 437 2872 529 2933; x_wconf 76' lang='lat' dir='ltr'><strong>llilillis</strong></span> <span class='ocrx_word' id='word_1_369' title='bbox 552 2892 606 2933; x_wconf 93' lang='lat' dir='ltr'><strong>non</strong></span> <span class='ocrx_word' id='word_1_370' title='bbox 622 2872 752 2949; x_wconf 82' lang='lat' dir='ltr'><strong>placeret,</strong></span> <span class='ocrx_word' id='word_1_371' title='bbox 767 2873 866 2933; x_wconf 85' lang='lat' dir='ltr'><strong>tertius</strong></span> <span class='ocrx_word' id='word_1_372' title='bbox 889 2882 1022 2948; x_wconf 86' lang='lat' dir='ltr'><strong>superdu-</strong></span> <span class='ocrx_word' id='word_1_373' title='bbox 1073 2884 1188 2939; x_wconf 89' lang='lat' dir='ltr'><strong>stolatus</strong></span> <span class='ocrx_word' id='word_1_374' title='bbox 1206 2892 1307 2939; x_wconf 88' lang='lat' dir='ltr'><strong>statum</strong></span> <span class='ocrx_word' id='word_1_375' title='bbox 1323 2882 1723 2955; x_wconf 87' lang='lat' dir='ltr'><strong>perluertiamantecessnrunt</strong></span> <span class='ocrx_word' id='word_1_376' title='bbox 1736 2878 1859 2932; x_wconf 87' lang='lat' dir='ltr'><strong>diminu-</strong></span> 
     </span>
     <span class='ocr_line' id='line_1_30' title="bbox 239 2967 1859 3047; baseline -0.002 -24"><span class='ocrx_word' id='word_1_377' title='bbox 239 2970 311 3025; x_wconf 81' lang='lat' dir='ltr'><strong>sitnr</strong></span> <span class='ocrx_word' id='word_1_378' title='bbox 324 2967 539 3041; x_wconf 67' lang='lat' dir='ltr'><strong>Gregoriuntpul</strong></span> <span class='ocrx_word' id='word_1_379' title='bbox 554 2972 669 3026; x_wconf 85' lang='lat' dir='ltr'><strong>duomsu</strong></span> <span class='ocrx_word' id='word_1_380' title='bbox 686 2971 758 3025; x_wconf 89' lang='lat' dir='ltr'><strong>vices</strong></span> <span class='ocrx_word' id='word_1_381' title='bbox 770 2969 844 3025; x_wconf 89' lang='lat' dir='ltr'><strong>solas</strong></span> <span class='ocrx_word' id='word_1_382' title='bbox 858 2969 995 3043; x_wconf 86' lang='lat' dir='ltr'><strong>impleret.</strong></span> <span class='ocrx_word' id='word_1_383' title='bbox 1074 2985 1131 3030; x_wconf 83' lang='lat' dir='ltr'><strong>tnnr</strong></span> <span class='ocrx_word' id='word_1_384' title='bbox 1147 2975 1264 3044; x_wconf 81' lang='lat' dir='ltr'><strong>inuenit,</strong></span> <span class='ocrx_word' id='word_1_385' title='bbox 1291 2986 1320 3031; x_wconf 93' lang='lat' dir='ltr'><strong>ut</strong></span> <span class='ocrx_word' id='word_1_386' title='bbox 1338 2984 1438 3047; x_wconf 84' lang='lat' dir='ltr'><strong>praeter</strong></span> <span class='ocrx_word' id='word_1_387' title='bbox 1455 2986 1540 3044; x_wconf 87' lang='lat' dir='ltr'><strong>pauca</strong></span> <span class='ocrx_word' id='word_1_388' title='bbox 1561 2972 1659 3043; x_wconf 90' lang='lat' dir='ltr'><strong>oppida</strong></span> <span class='ocrx_word' id='word_1_389' title='bbox 1680 2968 1740 3024; x_wconf 91' lang='lat' dir='ltr'><strong>urbi</strong></span> <span class='ocrx_word' id='word_1_390' title='bbox 1756 2968 1859 3037; x_wconf 82' lang='lat' dir='ltr'><strong>uicina,</strong></span> 
     </span>
     <span class='ocr_line' id='line_1_31' title="bbox 247 3059 1862 3133; baseline -0.001 -18"><span class='ocrx_word' id='word_1_391' title='bbox 247 3100 258 3119; x_wconf 88' lang='lat'><strong>.</strong></span> <span class='ocrx_word' id='word_1_392' title='bbox 275 3059 408 3132; x_wconf 77' lang='lat' dir='ltr'><strong>llapister</strong></span> <span class='ocrx_word' id='word_1_393' title='bbox 422 3059 510 3133; x_wconf 71' lang='lat' dir='ltr'><strong>liupo.</strong></span> <span class='ocrx_word' id='word_1_394' title='bbox 535 3060 669 3118; x_wconf 78' lang='lat' dir='ltr'><strong>silvester</strong></span> <span class='ocrx_word' id='word_1_395' title='bbox 680 3060 715 3117; x_wconf 94' lang='lat' dir='ltr'><strong>lll</strong></span> <span class='ocrx_word' id='word_1_396' title='bbox 729 3062 800 3117; x_wconf 85' lang='lat' dir='ltr'><strong>sedit</strong></span> <span class='ocrx_word' id='word_1_397' title='bbox 817 3075 886 3133; x_wconf 83' lang='lat' dir='ltr'><strong>popa</strong></span> <span class='ocrx_word' id='word_1_398' title='bbox 908 3060 1024 3117; x_wconf 87' lang='lat' dir='ltr'><strong>centesi·</strong></span> <span class='ocrx_word' id='word_1_399' title='bbox 1073 3064 1266 3123; x_wconf 74' lang='lat' dir='ltr'><strong>suppletiones</strong></span> <span class='ocrx_word' id='word_1_400' title='bbox 1278 3066 1410 3132; x_wconf 82' lang='lat' dir='ltr'><strong>bdelium,</strong></span> <span class='ocrx_word' id='word_1_401' title='bbox 1423 3064 1489 3119; x_wconf 92' lang='lat' dir='ltr'><strong>nibil</strong></span> <span class='ocrx_word' id='word_1_402' title='bbox 1505 3064 1629 3131; x_wconf 87' lang='lat' dir='ltr'><strong>baberet,</strong></span> <span class='ocrx_word' id='word_1_403' title='bbox 1642 3077 1697 3133; x_wconf 82' lang='lat' dir='ltr'><strong>quo</strong></span> <span class='ocrx_word' id='word_1_404' title='bbox 1712 3070 1741 3117; x_wconf 86' lang='lat' dir='ltr'><strong>se</strong></span> <span class='ocrx_word' id='word_1_405' title='bbox 1754 3070 1862 3119; x_wconf 60' lang='lat' dir='ltr'><strong>susten,-</strong></span> 
     </span>
     <span class='ocr_line' id='line_1_32' title="bbox 240 3137 1860 3231; baseline -0.004 -18"><span class='ocrx_word' id='word_1_406' title='bbox 240 3167 302 3210; x_wconf 85' lang='lat' dir='ltr'><strong>tstttt</strong></span> <span class='ocrx_word' id='word_1_407' title='bbox 315 3154 556 3228; x_wconf 79' lang='lat' dir='ltr'><strong>quittquapesitnus</strong></span> <span class='ocrx_word' id='word_1_408' title='bbox 569 3155 705 3211; x_wconf 84' lang='lat' dir='ltr'><strong>secundus</strong></span> <span class='ocrx_word' id='word_1_409' title='bbox 719 3154 815 3213; x_wconf 85' lang='lat' dir='ltr'><strong>diebus</strong></span> <span class='ocrx_word' id='word_1_410' title='bbox 827 3137 1058 3227; x_wconf 70' lang='lat' dir='ltr'><strong>auinquagintac</strong></span> <span class='ocrx_word' id='word_1_411' title='bbox 1077 3166 1159 3217; x_wconf 85' lang='lat' dir='ltr'><strong>taret.</strong></span> <span class='ocrx_word' id='word_1_412' title='bbox 1172 3157 1304 3217; x_wconf 82' lang='lat' dir='ltr'><strong>Ciuitates</strong></span> <span class='ocrx_word' id='word_1_413' title='bbox 1316 3167 1345 3215; x_wconf 93' lang='lat' dir='ltr'><strong>et</strong></span> <span class='ocrx_word' id='word_1_414' title='bbox 1356 3157 1543 3231; x_wconf 89' lang='lat' dir='ltr'><strong>possessiones</strong></span> <span class='ocrx_word' id='word_1_415' title='bbox 1555 3156 1582 3211; x_wconf 92' lang='lat' dir='ltr'><strong>in</strong></span> <span class='ocrx_word' id='word_1_416' title='bbox 1595 3152 1744 3226; x_wconf 77' lang='lat' dir='ltr'><strong>longinquo</strong></span> <span class='ocrx_word' id='word_1_417' title='bbox 1753 3154 1860 3224; x_wconf 76' lang='lat' dir='ltr'><strong>posits,</strong></span> 
     </span>
     <span class='ocr_line' id='line_1_33' title="bbox 239 3241 1861 3320; baseline -0.005 -17"><span class='ocrx_word' id='word_1_418' title='bbox 239 3260 289 3303; x_wconf 83' lang='lat' dir='ltr'><strong>ser</strong></span> <span class='ocrx_word' id='word_1_419' title='bbox 301 3256 364 3317; x_wconf 90' lang='lat' dir='ltr'><strong>post</strong></span> <span class='ocrx_word' id='word_1_420' title='bbox 375 3261 455 3317; x_wconf 87' lang='lat' dir='ltr'><strong>quesn</strong></span> <span class='ocrx_word' id='word_1_421' title='bbox 475 3247 624 3319; x_wconf 76' lang='lat' dir='ltr'><strong>Gseposins</strong></span> <span class='ocrx_word' id='word_1_422' title='bbox 636 3245 668 3302; x_wconf 85' lang='lat' dir='ltr'><strong>Vl</strong></span> <span class='ocrx_word' id='word_1_423' title='bbox 681 3246 752 3302; x_wconf 86' lang='lat' dir='ltr'><strong>sedit</strong></span> <span class='ocrx_word' id='word_1_424' title='bbox 764 3261 834 3317; x_wconf 91' lang='lat' dir='ltr'><strong>papa</strong></span> <span class='ocrx_word' id='word_1_425' title='bbox 856 3247 1023 3303; x_wconf 85' lang='lat' dir='ltr'><strong>centesimus</strong></span> <span class='ocrx_word' id='word_1_426' title='bbox 1075 3263 1134 3319; x_wconf 81' lang='lat' dir='ltr'><strong>quae</strong></span> <span class='ocrx_word' id='word_1_427' title='bbox 1158 3251 1192 3306; x_wconf 87' lang='lat' dir='ltr'><strong>ad</strong></span> <span class='ocrx_word' id='word_1_428' title='bbox 1209 3249 1256 3320; x_wconf 81' lang='lat' dir='ltr'><strong>jus</strong></span> <span class='ocrx_word' id='word_1_429' title='bbox 1290 3247 1417 3305; x_wconf 81' lang='lat' dir='ltr'><strong>Ecclesiae</strong></span> <span class='ocrx_word' id='word_1_430' title='bbox 1440 3245 1623 3320; x_wconf 90' lang='lat' dir='ltr'><strong>pertinebant</strong></span> <span class='ocrx_word' id='word_1_431' title='bbox 1645 3259 1661 3299; x_wconf 91' lang='lat' dir='ltr'><strong>a</strong></span> <span class='ocrx_word' id='word_1_432' title='bbox 1685 3241 1861 3313; x_wconf 72' lang='lat' dir='ltr'><strong>predonibus</strong></span> 
     </span>
     <span class='ocr_line' id='line_1_34' title="bbox 240 3335 1860 3411; baseline -0.003 -19"><span class='ocrx_word' id='word_1_433' title='bbox 240 3340 482 3411; x_wconf 75' lang='lat' dir='ltr'><strong>quinquagesinum</strong></span> <span class='ocrx_word' id='word_1_434' title='bbox 506 3339 612 3401; x_wconf 85' lang='lat' dir='ltr'><strong>tertius.</strong></span> <span class='ocrx_word' id='word_1_435' title='bbox 634 3339 714 3394; x_wconf 89' lang='lat' dir='ltr'><strong>anuis</strong></span> <span class='ocrx_word' id='word_1_436' title='bbox 735 3338 852 3394; x_wconf 82' lang='lat' dir='ltr'><strong>(luobus.</strong></span> <span class='ocrx_word' id='word_1_437' title='bbox 871 3337 922 3392; x_wconf 90' lang='lat' dir='ltr'><strong>lste</strong></span> <span class='ocrx_word' id='word_1_438' title='bbox 937 3335 1024 3393; x_wconf 81' lang='lat' dir='ltr'><strong>Bene·</strong></span> <span class='ocrx_word' id='word_1_439' title='bbox 1074 3341 1173 3397; x_wconf 79' lang='lat' dir='ltr'><strong>ablatas</strong></span> <span class='ocrx_word' id='word_1_440' title='bbox 1193 3350 1293 3398; x_wconf 82' lang='lat' dir='ltr'><strong>erant:</strong></span> <span class='ocrx_word' id='word_1_441' title='bbox 1309 3341 1434 3397; x_wconf 87' lang='lat' dir='ltr'><strong>tramites</strong></span> <span class='ocrx_word' id='word_1_442' title='bbox 1462 3337 1563 3410; x_wconf 90' lang='lat' dir='ltr'><strong>publlel</strong></span> <span class='ocrx_word' id='word_1_443' title='bbox 1584 3347 1614 3394; x_wconf 90' lang='lat' dir='ltr'><strong>el</strong></span> <span class='ocrx_word' id='word_1_444' title='bbox 1635 3343 1723 3393; x_wconf 83' lang='lat' dir='ltr'><strong>strata</strong></span> <span class='ocrx_word' id='word_1_445' title='bbox 1752 3337 1860 3390; x_wconf 84' lang='lat' dir='ltr'><strong>slavum</strong></span> 
     </span>
     <span class='ocr_line' id='line_1_35' title="bbox 241 3427 1863 3502; baseline -0.005 -14"><span class='ocrx_word' id='word_1_446' title='bbox 241 3433 331 3488; x_wconf 74' lang='lat' dir='ltr'><strong>metus</strong></span> <span class='ocrx_word' id='word_1_447' title='bbox 343 3429 392 3493; x_wconf 84' lang='lat' dir='ltr'><strong>tx,</strong></span> <span class='ocrx_word' id='word_1_448' title='bbox 406 3439 436 3484; x_wconf 95' lang='lat' dir='ltr'><strong>ut</strong></span> <span class='ocrx_word' id='word_1_449' title='bbox 453 3431 492 3483; x_wconf 87' lang='lat' dir='ltr'><strong>ait</strong></span> <span class='ocrx_word' id='word_1_450' title='bbox 511 3428 608 3486; x_wconf 84' lang='lat' dir='ltr'><strong>Petrttt</strong></span> <span class='ocrx_word' id='word_1_451' title='bbox 624 3429 781 3494; x_wconf 85' lang='lat' dir='ltr'><strong>bamianus,</strong></span> <span class='ocrx_word' id='word_1_452' title='bbox 806 3443 890 3500; x_wconf 89' lang='lat' dir='ltr'><strong>nepos</strong></span> <span class='ocrx_word' id='word_1_453' title='bbox 913 3428 965 3483; x_wconf 89' lang='lat' dir='ltr'><strong>luit</strong></span> <span class='ocrx_word' id='word_1_454' title='bbox 977 3442 1024 3483; x_wconf 86' lang='lat' dir='ltr'><strong>stt·</strong></span> <span class='ocrx_word' id='word_1_455' title='bbox 1073 3445 1123 3502; x_wconf 85' lang='lat' dir='ltr'><strong>per</strong></span> <span class='ocrx_word' id='word_1_456' title='bbox 1138 3440 1222 3488; x_wconf 90' lang='lat' dir='ltr'><strong>totam</strong></span> <span class='ocrx_word' id='word_1_457' title='bbox 1239 3432 1343 3490; x_wconf 89' lang='lat' dir='ltr'><strong>ltaliam</strong></span> <span class='ocrx_word' id='word_1_458' title='bbox 1359 3447 1374 3488; x_wconf 87' lang='lat' dir='ltr'><strong>a</strong></span> <span class='ocrx_word' id='word_1_459' title='bbox 1393 3432 1546 3488; x_wconf 77' lang='lat' dir='ltr'><strong>latronibus</strong></span> <span class='ocrx_word' id='word_1_460' title='bbox 1560 3431 1745 3500; x_wconf 85' lang='lat' dir='ltr'><strong>stipabantur,</strong></span> <span class='ocrx_word' id='word_1_461' title='bbox 1758 3439 1787 3482; x_wconf 90' lang='lat' dir='ltr'><strong>ut</strong></span> <span class='ocrx_word' id='word_1_462' title='bbox 1800 3427 1863 3482; x_wconf 92' lang='lat' dir='ltr'><strong>nul·</strong></span> 
     </span>
     <span class='ocr_line' id='line_1_36' title="bbox 241 3517 1863 3596; baseline -0.006 -12"><span class='ocrx_word' id='word_1_463' title='bbox 241 3521 358 3592; x_wconf 69' lang='grc' dir='ltr'>ιιιιίοιὶι</span> <span class='ocrx_word' id='word_1_464' title='bbox 378 3519 519 3575; x_wconf 86' lang='lat' dir='ltr'><strong>benedicti</strong></span> <span class='ocrx_word' id='word_1_465' title='bbox 541 3519 614 3584; x_wconf 58' lang='lat' dir='ltr'><strong>llll,</strong></span> <span class='ocrx_word' id='word_1_466' title='bbox 636 3529 664 3575; x_wconf 88' lang='lat' dir='ltr'><strong>et</strong></span> <span class='ocrx_word' id='word_1_467' title='bbox 686 3519 775 3575; x_wconf 86' lang='lat' dir='ltr'><strong>dictus</strong></span> <span class='ocrx_word' id='word_1_468' title='bbox 794 3528 836 3575; x_wconf 71' lang='lat' dir='ltr'><strong>eil</strong></span> <span class='ocrx_word' id='word_1_469' title='bbox 862 3517 1024 3574; x_wconf 75' lang='lat' dir='ltr'><strong>Benedictus</strong></span> <span class='ocrx_word' id='word_1_470' title='bbox 1075 3525 1117 3580; x_wconf 92' lang='lat' dir='ltr'><strong>lus</strong></span> <span class='ocrx_word' id='word_1_471' title='bbox 1132 3525 1355 3596; x_wconf 73' lang='lat' dir='ltr'><strong>perepinnsuisi</strong></span> <span class='ocrx_word' id='word_1_472' title='bbox 1370 3537 1431 3580; x_wconf 89' lang='lat' dir='ltr'><strong>oum</strong></span> <span class='ocrx_word' id='word_1_473' title='bbox 1442 3523 1541 3594; x_wconf 80' lang='lat' dir='ltr'><strong>majori</strong></span> <span class='ocrx_word' id='word_1_474' title='bbox 1553 3537 1634 3578; x_wconf 92' lang='lat' dir='ltr'><strong>manu</strong></span> <span class='ocrx_word' id='word_1_475' title='bbox 1648 3523 1760 3591; x_wconf 88' lang='lat' dir='ltr'><strong>impune</strong></span> <span class='ocrx_word' id='word_1_476' title='bbox 1774 3532 1863 3574; x_wconf 83' lang='lat' dir='ltr'><strong>trans·</strong></span> 
     </span>
     <span class='ocr_line' id='line_1_37' title="bbox 242 3607 1863 3682; baseline -0.01 -4"><span class='ocrx_word' id='word_1_477' title='bbox 242 3611 345 3678; x_wconf 65' lang='lat' dir='ltr'><strong>sitnon,</strong></span> <span class='ocrx_word' id='word_1_478' title='bbox 358 3617 486 3679; x_wconf 63' lang='lat' dir='ltr'><strong>ennean</strong></span> <span class='ocrx_word' id='word_1_479' title='bbox 499 3607 571 3666; x_wconf 78' lang='lat' dir='ltr'><strong>itinn</strong></span> <span class='ocrx_word' id='word_1_480' title='bbox 585 3609 716 3681; x_wconf 62' lang='lat' dir='ltr'><strong>maiatlas</strong></span> <span class='ocrx_word' id='word_1_481' title='bbox 738 3608 956 3680; x_wconf 71' lang='lat' dir='ltr'><strong>tortuosiore</strong></span> <span class='ocrx_word' id='word_1_482' title='bbox 972 3608 1025 3666; x_wconf 75' lang='lat' dir='ltr'><strong>us-</strong></span> <span class='ocrx_word' id='word_1_483' title='bbox 1076 3615 1138 3672; x_wconf 76' lang='lat' dir='ltr'><strong>iret.</strong></span> <span class='ocrx_word' id='word_1_484' title='bbox 1152 3613 1295 3670; x_wconf 76' lang='lat' dir='ltr'><strong>cassand</strong></span> <span class='ocrx_word' id='word_1_485' title='bbox 1311 3621 1353 3670; x_wconf 76' lang='lat' dir='ltr'><strong>en</strong></span> <span class='ocrx_word' id='word_1_486' title='bbox 1374 3611 1409 3668; x_wconf 80' lang='lat' dir='ltr'><strong>su</strong></span> <span class='ocrx_word' id='word_1_487' title='bbox 1423 3613 1497 3668; x_wconf 69' lang='lat' dir='ltr'><strong>onst</strong></span> <span class='ocrx_word' id='word_1_488' title='bbox 1522 3611 1662 3682; x_wconf 84' lang='lat' dir='ltr'><strong>prouincia</strong></span> <span class='ocrx_word' id='word_1_489' title='bbox 1677 3609 1792 3665; x_wconf 82' lang='lat' dir='ltr'><strong>nonan</strong></span> <span class='ocrx_word' id='word_1_490' title='bbox 1806 3608 1863 3663; x_wconf 76' lang='lat' dir='ltr'><strong>ner</strong></span> 
     </span>
     <span class='ocr_line' id='line_1_38' title="bbox 244 3697 1862 3778; baseline -0.002 -23"><span class='ocrx_word' id='word_1_491' title='bbox 244 3699 354 3756; x_wconf 86' lang='lat' dir='ltr'><strong>stedieto</strong></span> <span class='ocrx_word' id='word_1_492' title='bbox 367 3700 439 3755; x_wconf 89' lang='lat' dir='ltr'><strong>idem</strong></span> <span class='ocrx_word' id='word_1_493' title='bbox 454 3697 552 3756; x_wconf 83' lang='lat' dir='ltr'><strong>Petrus</strong></span> <span class='ocrx_word' id='word_1_494' title='bbox 566 3702 713 3756; x_wconf 79' lang='lat' dir='ltr'><strong>bassianus</strong></span> <span class='ocrx_word' id='word_1_495' title='bbox 725 3700 766 3756; x_wconf 88' lang='lat' dir='ltr'><strong>sio</strong></span> <span class='ocrx_word' id='word_1_496' title='bbox 778 3699 863 3756; x_wconf 86' lang='lat' dir='ltr'><strong>relert</strong></span> <span class='ocrx_word' id='word_1_497' title='bbox 877 3699 1024 3770; x_wconf 75' lang='lat' dir='ltr'><strong>:abplsoo</strong></span> <span class='ocrx_word' id='word_1_498' title='bbox 1074 3706 1196 3778; x_wconf 72' lang='lat' dir='ltr'><strong>aggredi.</strong></span> <span class='ocrx_word' id='word_1_499' title='bbox 1222 3704 1251 3760; x_wconf 91' lang='lat' dir='ltr'><strong>ln</strong></span> <span class='ocrx_word' id='word_1_500' title='bbox 1271 3703 1329 3776; x_wconf 93' lang='lat' dir='ltr'><strong>lpsa</strong></span> <span class='ocrx_word' id='word_1_501' title='bbox 1345 3701 1420 3760; x_wconf 88' lang='lat' dir='ltr'><strong>llrbe</strong></span> <span class='ocrx_word' id='word_1_502' title='bbox 1445 3703 1472 3758; x_wconf 91' lang='lat' dir='ltr'><strong>itt</strong></span> <span class='ocrx_word' id='word_1_503' title='bbox 1497 3701 1587 3759; x_wconf 91' lang='lat' dir='ltr'><strong>medio</strong></span> <span class='ocrx_word' id='word_1_504' title='bbox 1607 3701 1668 3757; x_wconf 88' lang='lat' dir='ltr'><strong>loro</strong></span> <span class='ocrx_word' id='word_1_505' title='bbox 1691 3697 1862 3769; x_wconf 72' lang='lat' dir='ltr'><strong>uagabantur</strong></span> 
     </span>
     <span class='ocr_line' id='line_1_39' title="bbox 242 3787 1865 3864; baseline -0.004 -16"><span class='ocrx_word' id='word_1_506' title='bbox 242 3807 309 3863; x_wconf 88' lang='lat' dir='ltr'><strong>put,</strong></span> <span class='ocrx_word' id='word_1_507' title='bbox 332 3787 436 3864; x_wconf 78' lang='lat' dir='ltr'><strong>incinit,</strong></span> <span class='ocrx_word' id='word_1_508' title='bbox 461 3791 571 3863; x_wconf 78' lang='lat' dir='ltr'><strong>qnidam</strong></span> <span class='ocrx_word' id='word_1_509' title='bbox 595 3792 741 3863; x_wconf 79' lang='lat' dir='ltr'><strong>capuanus</strong></span> <span class='ocrx_word' id='word_1_510' title='bbox 765 3792 833 3847; x_wconf 87' lang='lat' dir='ltr'><strong>vidit</strong></span> <span class='ocrx_word' id='word_1_511' title='bbox 850 3791 1023 3850; x_wconf 83' lang='lat' dir='ltr'><strong>benedictum</strong></span> <span class='ocrx_word' id='word_1_512' title='bbox 1075 3795 1179 3854; x_wconf 85' lang='lat' dir='ltr'><strong>sicarii.</strong></span> <span class='ocrx_word' id='word_1_513' title='bbox 1195 3793 1320 3864; x_wconf 76' lang='lat' dir='ltr'><strong>Apostoli</strong></span> <span class='ocrx_word' id='word_1_514' title='bbox 1347 3794 1492 3850; x_wconf 82' lang='lat' dir='ltr'><strong>eeclesiam</strong></span> <span class='ocrx_word' id='word_1_515' title='bbox 1515 3789 1732 3860; x_wconf 85' lang='lat' dir='ltr'><strong>viderecnpietrs</strong></span> <span class='ocrx_word' id='word_1_516' title='bbox 1747 3789 1774 3844; x_wconf 92' lang='lat' dir='ltr'><strong>ln</strong></span> <span class='ocrx_word' id='word_1_517' title='bbox 1791 3787 1865 3844; x_wconf 88' lang='lat' dir='ltr'><strong>sica·</strong></span> 
     </span>
     <span class='ocr_line' id='line_1_40' title="bbox 243 3879 1863 3956; baseline -0.004 -16"><span class='ocrx_word' id='word_1_518' title='bbox 243 3884 376 3954; x_wconf 83' lang='lat' dir='ltr'><strong>maiorem</strong></span> <span class='ocrx_word' id='word_1_519' title='bbox 390 3898 489 3956; x_wconf 90' lang='lat' dir='ltr'><strong>papam</strong></span> <span class='ocrx_word' id='word_1_520' title='bbox 503 3885 581 3956; x_wconf 70' lang='lat' dir='ltr'><strong>nigro</strong></span> <span class='ocrx_word' id='word_1_521' title='bbox 594 3885 671 3955; x_wconf 80' lang='lat' dir='ltr'><strong>quasi</strong></span> <span class='ocrx_word' id='word_1_522' title='bbox 686 3885 865 3954; x_wconf 80' lang='lat' dir='ltr'><strong>corporaliter</strong></span> <span class='ocrx_word' id='word_1_523' title='bbox 875 3899 946 3956; x_wconf 82' lang='lat' dir='ltr'><strong>equo</strong></span> <span class='ocrx_word' id='word_1_524' title='bbox 956 3880 1025 3942; x_wconf 87' lang='lat' dir='ltr'><strong>insl-</strong></span> <span class='ocrx_word' id='word_1_525' title='bbox 1075 3887 1133 3942; x_wconf 87' lang='lat' dir='ltr'><strong>rios</strong></span> <span class='ocrx_word' id='word_1_526' title='bbox 1149 3885 1293 3952; x_wconf 85' lang='lat' dir='ltr'><strong>incidens,</strong></span> <span class='ocrx_word' id='word_1_527' title='bbox 1309 3885 1385 3943; x_wconf 86' lang='lat' dir='ltr'><strong>trullo</strong></span> <span class='ocrx_word' id='word_1_528' title='bbox 1401 3886 1481 3942; x_wconf 90' lang='lat' dir='ltr'><strong>modu</strong></span> <span class='ocrx_word' id='word_1_529' title='bbox 1500 3885 1559 3943; x_wconf 85' lang='lat' dir='ltr'><strong>sine</strong></span> <span class='ocrx_word' id='word_1_530' title='bbox 1579 3881 1739 3940; x_wconf 81' lang='lat' dir='ltr'><strong>substantie</strong></span> <span class='ocrx_word' id='word_1_531' title='bbox 1757 3879 1801 3935; x_wconf 91' lang='lat' dir='ltr'><strong>vel</strong></span> <span class='ocrx_word' id='word_1_532' title='bbox 1816 3893 1863 3935; x_wconf 89' lang='lat' dir='ltr'><strong>sa-</strong></span> 
     </span>
     <span class='ocr_line' id='line_1_41' title="bbox 242 3973 1595 4046; baseline 0.001 -16"><span class='ocrx_word' id='word_1_533' title='bbox 242 3974 366 4032; x_wconf 85' lang='lat' dir='ltr'><strong>dentem.</strong></span> <span class='ocrx_word' id='word_1_534' title='bbox 383 3974 454 4040; x_wconf 79' lang='lat' dir='ltr'><strong>Hau,</strong></span> <span class='ocrx_word' id='word_1_535' title='bbox 470 3976 569 4044; x_wconf 82' lang='lat' dir='ltr'><strong>inquit,</strong></span> <span class='ocrx_word' id='word_1_536' title='bbox 580 3989 671 4031; x_wconf 88' lang='lat' dir='ltr'><strong>nonno</strong></span> <span class='ocrx_word' id='word_1_537' title='bbox 685 3983 713 4030; x_wconf 93' lang='lat' dir='ltr'><strong>tn</strong></span> <span class='ocrx_word' id='word_1_538' title='bbox 725 3988 757 4031; x_wconf 89' lang='lat' dir='ltr'><strong>es</strong></span> <span class='ocrx_word' id='word_1_539' title='bbox 771 3989 841 4046; x_wconf 92' lang='lat' dir='ltr'><strong>papa</strong></span> <span class='ocrx_word' id='word_1_540' title='bbox 852 3973 1024 4044; x_wconf 74' lang='lat' dir='ltr'><strong>benedictus,</strong></span> <span class='ocrx_word' id='word_1_541' title='bbox 1076 3977 1142 4034; x_wconf 90' lang='lat' dir='ltr'><strong>lutis</strong></span> <span class='ocrx_word' id='word_1_542' title='bbox 1156 3977 1257 4034; x_wconf 88' lang='lat' dir='ltr'><strong>damno</strong></span> <span class='ocrx_word' id='word_1_543' title='bbox 1270 3978 1379 4034; x_wconf 86' lang='lat' dir='ltr'><strong>domum</strong></span> <span class='ocrx_word' id='word_1_544' title='bbox 1395 3976 1595 4034; x_wconf 86' lang='lat' dir='ltr'><strong>revertebatur.</strong></span> 
     </span>
     <span class='ocr_line' id='line_1_42' title="bbox 242 4065 1862 4140; baseline -0.003 -17"><span class='ocrx_word' id='word_1_545' title='bbox 242 4080 324 4137; x_wconf 78' lang='lat' dir='ltr'><strong>quem</strong></span> <span class='ocrx_word' id='word_1_546' title='bbox 342 4065 399 4137; x_wconf 84' lang='lat' dir='ltr'><strong>lam</strong></span> <span class='ocrx_word' id='word_1_547' title='bbox 417 4068 575 4123; x_wconf 86' lang='lat' dir='ltr'><strong>delunotum</strong></span> <span class='ocrx_word' id='word_1_548' title='bbox 588 4067 728 4124; x_wconf 81' lang='lat' dir='ltr'><strong>norimusl</strong></span> <span class='ocrx_word' id='word_1_549' title='bbox 741 4084 752 4119; x_wconf 87' lang='grc' dir='ltr'><strong>ι</strong></span> <span class='ocrx_word' id='word_1_550' title='bbox 766 4066 823 4138; x_wconf 70' lang='lat' dir='ltr'><strong>Epo</strong></span> <span class='ocrx_word' id='word_1_551' title='bbox 834 4081 905 4132; x_wconf 90' lang='lat' dir='ltr'><strong>sum,</strong></span> <span class='ocrx_word' id='word_1_552' title='bbox 925 4066 1024 4137; x_wconf 78' lang='lat' dir='ltr'><strong>inussit,</strong></span> <span class='ocrx_word' id='word_1_553' title='bbox 1111 4067 1201 4140; x_wconf 83' lang='lat' dir='ltr'><strong>Super</strong></span> <span class='ocrx_word' id='word_1_554' title='bbox 1216 4069 1273 4140; x_wconf 89' lang='lat' dir='ltr'><strong>ipsa</strong></span> <span class='ocrx_word' id='word_1_555' title='bbox 1292 4075 1449 4125; x_wconf 87' lang='lat' dir='ltr'><strong>sauctorum</strong></span> <span class='ocrx_word' id='word_1_556' title='bbox 1462 4067 1647 4139; x_wconf 88' lang='lat' dir='ltr'><strong>apostotorum</strong></span> <span class='ocrx_word' id='word_1_557' title='bbox 1665 4072 1693 4122; x_wconf 93' lang='lat' dir='ltr'><strong>et</strong></span> <span class='ocrx_word' id='word_1_558' title='bbox 1706 4071 1862 4136; x_wconf 78' lang='lat' dir='ltr'><strong>martyrum</strong></span> 
     </span>
     <span class='ocr_line' id='line_1_43' title="bbox 243 4155 1863 4230; baseline -0.003 -14"><span class='ocrx_word' id='word_1_559' title='bbox 243 4159 336 4216; x_wconf 85' lang='lat' dir='ltr'><strong>iniells</strong></span> <span class='ocrx_word' id='word_1_560' title='bbox 359 4159 428 4229; x_wconf 85' lang='lat' dir='ltr'><strong>lpse.</strong></span> <span class='ocrx_word' id='word_1_561' title='bbox 454 4186 492 4200; x_wconf 91' lang='lat'><em>-</em></span> <span class='ocrx_word' id='word_1_562' title='bbox 514 4159 665 4226; x_wconf 77' lang='lat' dir='ltr'><strong>Quomodo,</strong></span> <span class='ocrx_word' id='word_1_563' title='bbox 693 4158 796 4228; x_wconf 86' lang='lat' dir='ltr'><strong>iuquit,</strong></span> <span class='ocrx_word' id='word_1_564' title='bbox 824 4170 868 4215; x_wconf 90' lang='lat' dir='ltr'><strong>est</strong></span> <span class='ocrx_word' id='word_1_565' title='bbox 892 4159 952 4222; x_wconf 91' lang='lat' dir='ltr'><strong>tibi,</strong></span> <span class='ocrx_word' id='word_1_566' title='bbox 972 4157 1026 4213; x_wconf 76' lang='lat' dir='ltr'><strong>l’a·</strong></span> <span class='ocrx_word' id='word_1_567' title='bbox 1075 4173 1202 4229; x_wconf 87' lang='lat' dir='ltr'><strong>corpora,</strong></span> <span class='ocrx_word' id='word_1_568' title='bbox 1216 4173 1298 4230; x_wconf 89' lang='lat' dir='ltr'><strong>super</strong></span> <span class='ocrx_word' id='word_1_569' title='bbox 1310 4173 1389 4216; x_wconf 88' lang='lat' dir='ltr'><strong>saera</strong></span> <span class='ocrx_word' id='word_1_570' title='bbox 1403 4159 1501 4215; x_wconf 88' lang='lat' dir='ltr'><strong>altaria</strong></span> <span class='ocrx_word' id='word_1_571' title='bbox 1515 4157 1598 4230; x_wconf 75' lang='lat' dir='ltr'><strong>gladii</strong></span> <span class='ocrx_word' id='word_1_572' title='bbox 1612 4158 1794 4214; x_wconf 86' lang='lat' dir='ltr'><strong>nudabantur.</strong></span> <span class='ocrx_word' id='word_1_573' title='bbox 1810 4155 1863 4214; x_wconf 80' lang='lat' dir='ltr'><strong>lib-</strong></span> 
     </span>
     <span class='ocr_line' id='line_1_44' title="bbox 243 4249 1863 4321; baseline -0.002 -14"><span class='ocrx_word' id='word_1_574' title='bbox 243 4255 303 4309; x_wconf 90' lang='lat' dir='ltr'><strong>terl</strong></span> <span class='ocrx_word' id='word_1_575' title='bbox 325 4278 362 4294; x_wconf 82' lang='lat'>-</span> <span class='ocrx_word' id='word_1_576' title='bbox 386 4251 522 4318; x_wconf 76' lang='lat' dir='ltr'><strong>Graviter,¹</strong></span> <span class='ocrx_word' id='word_1_577' title='bbox 545 4252 644 4321; x_wconf 81' lang='lat' dir='ltr'><strong>lnquit,</strong></span> <span class='ocrx_word' id='word_1_578' title='bbox 676 4260 823 4321; x_wconf 82' lang='lat' dir='ltr'><strong>torqueor;</strong></span> <span class='ocrx_word' id='word_1_579' title='bbox 841 4253 889 4308; x_wconf 88' lang='lat' dir='ltr'><strong>sed</strong></span> <span class='ocrx_word' id='word_1_580' title='bbox 918 4252 953 4307; x_wconf 83' lang='lat' dir='ltr'><strong>de</strong></span> <span class='ocrx_word' id='word_1_581' title='bbox 977 4250 1025 4308; x_wconf 87' lang='lat' dir='ltr'><strong>bei</strong></span> <span class='ocrx_word' id='word_1_582' title='bbox 1075 4249 1394 4307; x_wconf 87' lang='lat' dir='ltr'><strong>lationesatcedentium</strong></span> <span class='ocrx_word' id='word_1_583' title='bbox 1415 4250 1527 4306; x_wconf 82' lang='lat' dir='ltr'><strong>uixdum</strong></span> <span class='ocrx_word' id='word_1_584' title='bbox 1542 4251 1672 4321; x_wconf 81' lang='lat' dir='ltr'><strong>appositas</strong></span> <span class='ocrx_word' id='word_1_585' title='bbox 1687 4249 1721 4305; x_wconf 91' lang='lat' dir='ltr'><strong>de</strong></span> <span class='ocrx_word' id='word_1_586' title='bbox 1736 4251 1863 4304; x_wconf 85' lang='lat' dir='ltr'><strong>manibus</strong></span> 
     </span>
     <span class='ocr_line' id='line_1_45' title="bbox 242 4341 1863 4414; baseline -0.004 -14"><span class='ocrx_word' id='word_1_587' title='bbox 242 4342 434 4400; x_wconf 77' lang='lat' dir='ltr'><strong>misericordia</strong></span> <span class='ocrx_word' id='word_1_588' title='bbox 446 4355 501 4398; x_wconf 89' lang='lat' dir='ltr'><strong>uon</strong></span> <span class='ocrx_word' id='word_1_589' title='bbox 514 4342 641 4412; x_wconf 52' lang='lat' dir='ltr'><strong>aspero,</strong></span> <span class='ocrx_word' id='word_1_590' title='bbox 655 4341 679 4398; x_wconf 87' lang='lat' dir='ltr'><strong>ti</strong></span> <span class='ocrx_word' id='word_1_591' title='bbox 695 4341 763 4397; x_wconf 86' lang='lat' dir='ltr'><strong>mibi</strong></span> <span class='ocrx_word' id='word_1_592' title='bbox 778 4341 943 4413; x_wconf 78' lang='lat' dir='ltr'><strong>adiutorium</strong></span> <span class='ocrx_word' id='word_1_593' title='bbox 959 4355 1027 4412; x_wconf 82' lang='lat' dir='ltr'><strong>prat·</strong></span> <span class='ocrx_word' id='word_1_594' title='bbox 1077 4341 1296 4414; x_wconf 81' lang='lat' dir='ltr'><strong>abripiebantur,</strong></span> <span class='ocrx_word' id='word_1_595' title='bbox 1312 4344 1430 4414; x_wconf 79' lang='lat' dir='ltr'><strong>ubrepte</strong></span> <span class='ocrx_word' id='word_1_596' title='bbox 1444 4343 1473 4399; x_wconf 91' lang='lat' dir='ltr'><strong>ln</strong></span> <span class='ocrx_word' id='word_1_597' title='bbox 1491 4342 1710 4399; x_wconf 81' lang='lat' dir='ltr'><strong>comessationes</strong></span> <span class='ocrx_word' id='word_1_598' title='bbox 1735 4347 1764 4397; x_wconf 88' lang='lat' dir='ltr'><strong>ct</strong></span> <span class='ocrx_word' id='word_1_599' title='bbox 1786 4353 1863 4396; x_wconf 85' lang='lat' dir='ltr'><strong>seor·</strong></span> 
     </span>
     <span class='ocr_line' id='line_1_46' title="bbox 243 4431 1864 4525; baseline -0.002 -35"><span class='ocrx_word' id='word_1_600' title='bbox 243 4433 351 4491; x_wconf 90' lang='lat' dir='ltr'><strong>beatur.</strong></span> <span class='ocrx_word' id='word_1_601' title='bbox 367 4433 421 4489; x_wconf 79' lang='lat' dir='ltr'><strong>Sed</strong></span> <span class='ocrx_word' id='word_1_602' title='bbox 436 4447 521 4504; x_wconf 69' lang='lat' dir='ltr'><strong>perpe</strong></span> <span class='ocrx_word' id='word_1_603' title='bbox 537 4433 571 4489; x_wconf 89' lang='lat' dir='ltr'><strong>ad</strong></span> <span class='ocrx_word' id='word_1_604' title='bbox 591 4434 706 4489; x_wconf 83' lang='lat' dir='ltr'><strong>iratrest</strong></span> <span class='ocrx_word' id='word_1_605' title='bbox 719 4447 809 4489; x_wconf 89' lang='lat' dir='ltr'><strong>meum</strong></span> <span class='ocrx_word' id='word_1_606' title='bbox 824 4431 966 4500; x_wconf 83' lang='lat' dir='ltr'><strong>loannem,</strong></span> <span class='ocrx_word' id='word_1_607' title='bbox 978 4433 1024 4505; x_wconf 88' lang='lat' dir='ltr'><strong>qui</strong></span> <span class='ocrx_word' id='word_1_608' title='bbox 1041 4443 1166 4525; x_wconf 64' lang='lat' dir='ltr'><strong>ntorum</strong></span> <span class='ocrx_word' id='word_1_609' title='bbox 1186 4433 1332 4491; x_wconf 86' lang='lat' dir='ltr'><strong>abusiones</strong></span> <span class='ocrx_word' id='word_1_610' title='bbox 1351 4433 1566 4491; x_wconf 83' lang='lat' dir='ltr'><strong>insumebantur.</strong></span> <span class='ocrx_word' id='word_1_611' title='bbox 1589 4433 1685 4489; x_wconf 87' lang='lat' dir='ltr'><strong>&#39;lautis</strong></span> <span class='ocrx_word' id='word_1_612' title='bbox 1698 4431 1780 4490; x_wconf 90' lang='lat' dir='ltr'><strong>malis</strong></span> <span class='ocrx_word' id='word_1_613' title='bbox 1794 4431 1864 4488; x_wconf 82' lang='lat' dir='ltr'><strong>Gro-</strong></span> 
     </span>
     <span class='ocr_line' id='line_1_47' title="bbox 244 4523 1864 4596; baseline 0 -16"><span class='ocrx_word' id='word_1_614' title='bbox 244 4537 318 4580; x_wconf 89' lang='lat' dir='ltr'><strong>nuno</strong></span> <span class='ocrx_word' id='word_1_615' title='bbox 340 4525 517 4594; x_wconf 87' lang='lat' dir='ltr'><strong>apostolicam</strong></span> <span class='ocrx_word' id='word_1_616' title='bbox 540 4524 635 4580; x_wconf 87' lang='lat' dir='ltr'><strong>sedam</strong></span> <span class='ocrx_word' id='word_1_617' title='bbox 659 4533 795 4594; x_wconf 81' lang='lat' dir='ltr'><strong>occupat,</strong></span> <span class='ocrx_word' id='word_1_618' title='bbox 810 4523 890 4595; x_wconf 82' lang='lat' dir='ltr'><strong>eique</strong></span> <span class='ocrx_word' id='word_1_619' title='bbox 911 4525 946 4579; x_wconf 92' lang='lat' dir='ltr'><strong>de</strong></span> <span class='ocrx_word' id='word_1_620' title='bbox 964 4538 1024 4580; x_wconf 90' lang='lat' dir='ltr'><strong>mea</strong></span> <span class='ocrx_word' id='word_1_621' title='bbox 1075 4525 1168 4596; x_wconf 71' lang='lat' dir='ltr'><strong>gorius</strong></span> <span class='ocrx_word' id='word_1_622' title='bbox 1182 4525 1271 4594; x_wconf 89' lang='lat' dir='ltr'><strong>primo</strong></span> <span class='ocrx_word' id='word_1_623' title='bbox 1287 4525 1395 4591; x_wconf 86' lang='lat' dir='ltr'><strong>leniter,</strong></span> <span class='ocrx_word' id='word_1_624' title='bbox 1413 4535 1441 4583; x_wconf 91' lang='lat' dir='ltr'><strong>et</strong></span> <span class='ocrx_word' id='word_1_625' title='bbox 1454 4533 1485 4580; x_wconf 92' lang='lat' dir='ltr'><strong>ut</strong></span> <span class='ocrx_word' id='word_1_626' title='bbox 1498 4523 1655 4596; x_wconf 87' lang='lat' dir='ltr'><strong>pontilloem</strong></span> <span class='ocrx_word' id='word_1_627' title='bbox 1666 4525 1755 4592; x_wconf 87' lang='lat' dir='ltr'><strong>docet,</strong></span> <span class='ocrx_word' id='word_1_628' title='bbox 1766 4535 1864 4581; x_wconf 83' lang='lat' dir='ltr'><strong>oscur-</strong></span> 
     </span>
     <span class='ocr_line' id='line_1_48' title="bbox 244 4615 1864 4688; baseline -0.001 -16"><span class='ocrx_word' id='word_1_629' title='bbox 244 4627 324 4688; x_wconf 91' lang='lat' dir='ltr'><strong>paste</strong></span> <span class='ocrx_word' id='word_1_630' title='bbox 337 4615 394 4682; x_wconf 88' lang='lat' dir='ltr'><strong>dio,</strong></span> <span class='ocrx_word' id='word_1_631' title='bbox 408 4627 439 4670; x_wconf 88' lang='lat' dir='ltr'><strong>ut</strong></span> <span class='ocrx_word' id='word_1_632' title='bbox 456 4615 530 4671; x_wconf 91' lang='lat' dir='ltr'><strong>illam</strong></span> <span class='ocrx_word' id='word_1_633' title='bbox 545 4615 686 4686; x_wconf 86' lang='lat' dir='ltr'><strong>potissima</strong></span> <span class='ocrx_word' id='word_1_634' title='bbox 706 4630 842 4670; x_wconf 81' lang='lat' dir='ltr'><strong>sumniam</strong></span> <span class='ocrx_word' id='word_1_635' title='bbox 858 4629 919 4685; x_wconf 77' lang='lat' dir='ltr'><strong>que</strong></span> <span class='ocrx_word' id='word_1_636' title='bbox 935 4616 962 4670; x_wconf 94' lang='lat' dir='ltr'><strong>in</strong></span> <span class='ocrx_word' id='word_1_637' title='bbox 976 4615 1025 4670; x_wconf 86' lang='lat' dir='ltr'><strong>tall</strong></span> <span class='ocrx_word' id='word_1_638' title='bbox 1077 4631 1138 4674; x_wconf 84' lang='lat' dir='ltr'><strong>rere</strong></span> <span class='ocrx_word' id='word_1_639' title='bbox 1157 4619 1251 4687; x_wconf 78' lang='lat' dir='ltr'><strong>cupit,</strong></span> <span class='ocrx_word' id='word_1_640' title='bbox 1267 4631 1359 4674; x_wconf 88' lang='lat' dir='ltr'><strong>amose</strong></span> <span class='ocrx_word' id='word_1_641' title='bbox 1371 4619 1514 4688; x_wconf 83' lang='lat' dir='ltr'><strong>plusquam</strong></span> <span class='ocrx_word' id='word_1_642' title='bbox 1531 4625 1655 4683; x_wconf 71' lang='lat' dir='ltr'><strong>terrore,</strong></span> <span class='ocrx_word' id='word_1_643' title='bbox 1670 4617 1773 4684; x_wconf 86' lang='lat' dir='ltr'><strong>verbis,</strong></span> <span class='ocrx_word' id='word_1_644' title='bbox 1787 4615 1864 4687; x_wconf 88' lang='lat' dir='ltr'><strong>plus·</strong></span> 
     </span>
     <span class='ocr_line' id='line_1_49' title="bbox 246 4705 1864 4781; baseline -0.001 -17"><span class='ocrx_word' id='word_1_645' title='bbox 246 4710 326 4764; x_wconf 85' lang='lat' dir='ltr'><strong>tbeea</strong></span> <span class='ocrx_word' id='word_1_646' title='bbox 341 4707 460 4777; x_wconf 86' lang='lat' dir='ltr'><strong>reposita</strong></span> <span class='ocrx_word' id='word_1_647' title='bbox 478 4711 533 4773; x_wconf 88' lang='lat' dir='ltr'><strong>est,</strong></span> <span class='ocrx_word' id='word_1_648' title='bbox 547 4719 597 4777; x_wconf 93' lang='lat' dir='ltr'><strong>pro</strong></span> <span class='ocrx_word' id='word_1_649' title='bbox 610 4720 655 4762; x_wconf 91' lang='lat' dir='ltr'><strong>me</strong></span> <span class='ocrx_word' id='word_1_650' title='bbox 669 4705 698 4761; x_wconf 92' lang='lat' dir='ltr'><strong>iu</strong></span> <span class='ocrx_word' id='word_1_651' title='bbox 717 4719 850 4777; x_wconf 87' lang='lat' dir='ltr'><strong>pauperes</strong></span> <span class='ocrx_word' id='word_1_652' title='bbox 869 4705 1024 4774; x_wconf 87' lang='lat' dir='ltr'><strong>distribuat,</strong></span> <span class='ocrx_word' id='word_1_653' title='bbox 1075 4721 1159 4777; x_wconf 82' lang='lat' dir='ltr'><strong>qsram</strong></span> <span class='ocrx_word' id='word_1_654' title='bbox 1176 4707 1340 4762; x_wconf 88' lang='lat' dir='ltr'><strong>verberibus</strong></span> <span class='ocrx_word' id='word_1_655' title='bbox 1355 4721 1449 4781; x_wconf 77' lang='lat' dir='ltr'><strong>spent.</strong></span> <span class='ocrx_word' id='word_1_656' title='bbox 1463 4705 1575 4765; x_wconf 88' lang='lat' dir='ltr'><strong>llsndat</strong></span> <span class='ocrx_word' id='word_1_657' title='bbox 1588 4706 1711 4774; x_wconf 87' lang='lat' dir='ltr'><strong>urbanis,</strong></span> <span class='ocrx_word' id='word_1_658' title='bbox 1730 4717 1791 4762; x_wconf 87' lang='lat' dir='ltr'><strong>uta</strong></span> <span class='ocrx_word' id='word_1_659' title='bbox 1814 4719 1864 4777; x_wconf 88' lang='lat' dir='ltr'><strong>pe·</strong></span> 
     </span>
     <span class='ocr_line' id='line_1_50' title="bbox 245 4796 1864 4869; baseline -0.001 -15"><span class='ocrx_word' id='word_1_660' title='bbox 245 4800 339 4869; x_wconf 74' lang='lat' dir='ltr'><strong>sicque</strong></span> <span class='ocrx_word' id='word_1_661' title='bbox 351 4813 395 4854; x_wconf 91' lang='lat' dir='ltr'><strong>me</strong></span> <span class='ocrx_word' id='word_1_662' title='bbox 408 4796 596 4853; x_wconf 88' lang='lat' dir='ltr'><strong>redimendum</strong></span> <span class='ocrx_word' id='word_1_663' title='bbox 608 4809 681 4855; x_wconf 90' lang='lat' dir='ltr'><strong>esse.</strong></span> <span class='ocrx_word' id='word_1_664' title='bbox 697 4796 917 4866; x_wconf 80' lang='lat' dir='ltr'><strong>Quandorunuue</strong></span> <span class='ocrx_word' id='word_1_665' title='bbox 933 4806 1025 4853; x_wconf 73' lang='lat' dir='ltr'><strong>mutes</strong></span> <span class='ocrx_word' id='word_1_666' title='bbox 1076 4797 1247 4866; x_wconf 72' lang='lat' dir='ltr'><strong>segrinosum</strong></span> <span class='ocrx_word' id='word_1_667' title='bbox 1261 4797 1434 4856; x_wconf 87' lang='lat' dir='ltr'><strong>lulestatlone</strong></span> <span class='ocrx_word' id='word_1_668' title='bbox 1451 4808 1608 4864; x_wconf 75' lang='lat' dir='ltr'><strong>cessarent,</strong></span> <span class='ocrx_word' id='word_1_669' title='bbox 1629 4807 1658 4856; x_wconf 88' lang='grc' dir='ltr'><strong>ιι</strong></span> <span class='ocrx_word' id='word_1_670' title='bbox 1672 4813 1686 4853; x_wconf 83' lang='grc' dir='ltr'><strong>ι</strong></span> <span class='ocrx_word' id='word_1_671' title='bbox 1704 4798 1799 4868; x_wconf 81' lang='lat' dir='ltr'><strong>rapina</strong></span> <span class='ocrx_word' id='word_1_672' title='bbox 1815 4813 1864 4852; x_wconf 88' lang='lat' dir='ltr'><strong>sa·</strong></span> 
     </span>
     <span class='ocr_line' id='line_1_51' title="bbox 245 4885 1866 4966; baseline -0.002 -20"><span class='ocrx_word' id='word_1_673' title='bbox 245 4891 298 4946; x_wconf 87' lang='lat' dir='ltr'><strong>boe</strong></span> <span class='ocrx_word' id='word_1_674' title='bbox 310 4889 454 4966; x_wconf 31' lang='lat' dir='ltr'><strong>&#39;miseratio</strong></span> <span class='ocrx_word' id='word_1_675' title='bbox 468 4888 558 4945; x_wconf 78' lang='lat' dir='ltr'><strong>diuina</strong></span> <span class='ocrx_word' id='word_1_676' title='bbox 581 4887 752 4954; x_wconf 88' lang='lat' dir='ltr'><strong>decreverit,</strong></span> <span class='ocrx_word' id='word_1_677' title='bbox 776 4899 933 4960; x_wconf 79' lang='lat' dir='ltr'><strong>copuoscat.</strong></span> <span class='ocrx_word' id='word_1_678' title='bbox 957 4888 1024 4943; x_wconf 88' lang='lat' dir='ltr'><strong>llam</strong></span> <span class='ocrx_word' id='word_1_679' title='bbox 1076 4903 1196 4946; x_wconf 86' lang='lat' dir='ltr'><strong>crorum.</strong></span> <span class='ocrx_word' id='word_1_680' title='bbox 1211 4889 1334 4946; x_wconf 83' lang='lat' dir='ltr'><strong>tiresum</strong></span> <span class='ocrx_word' id='word_1_681' title='bbox 1349 4885 1422 4947; x_wconf 87' lang='lat' dir='ltr'><strong>o&#39;nim</strong></span> <span class='ocrx_word' id='word_1_682' title='bbox 1434 4899 1476 4948; x_wconf 89' lang='lat' dir='ltr'><strong>est</strong></span> <span class='ocrx_word' id='word_1_683' title='bbox 1490 4897 1585 4947; x_wconf 81' lang='lat' dir='ltr'><strong>contra</strong></span> <span class='ocrx_word' id='word_1_684' title='bbox 1607 4900 1752 4955; x_wconf 87' lang='lat' dir='ltr'><strong>naturam,</strong></span> <span class='ocrx_word' id='word_1_685' title='bbox 1772 4898 1803 4946; x_wconf 91' lang='lat' dir='ltr'><strong>ut</strong></span> <span class='ocrx_word' id='word_1_686' title='bbox 1818 4891 1866 4944; x_wconf 89' lang='lat' dir='ltr'><strong>iile</strong></span> 
     </span>
     <span class='ocr_line' id='line_1_52' title="bbox 246 4981 1866 5053; baseline 0.001 -16"><span class='ocrx_word' id='word_1_687' title='bbox 246 4992 343 5037; x_wconf 77' lang='lat' dir='ltr'><strong>cetera</strong></span> <span class='ocrx_word' id='word_1_688' title='bbox 358 4995 419 5050; x_wconf 77' lang='lat' dir='ltr'><strong>que</strong></span> <span class='ocrx_word' id='word_1_689' title='bbox 438 4995 490 5051; x_wconf 91' lang='lat' dir='ltr'><strong>pro</strong></span> <span class='ocrx_word' id='word_1_690' title='bbox 512 4995 554 5036; x_wconf 91' lang='lat' dir='ltr'><strong>me</strong></span> <span class='ocrx_word' id='word_1_691' title='bbox 576 4981 763 5053; x_wconf 74' lang='lat' dir='ltr'><strong>indigentibus</strong></span> <span class='ocrx_word' id='word_1_692' title='bbox 777 4982 876 5038; x_wconf 87' lang='lat' dir='ltr'><strong>tradita</strong></span> <span class='ocrx_word' id='word_1_693' title='bbox 891 4991 971 5049; x_wconf 87' lang='lat' dir='ltr'><strong>sunt,</strong></span> <span class='ocrx_word' id='word_1_694' title='bbox 986 4981 1026 5039; x_wconf 91' lang='lat' dir='ltr'><strong>nil</strong></span> <span class='ocrx_word' id='word_1_695' title='bbox 1076 4983 1123 5053; x_wconf 83' lang='lat' dir='ltr'><strong>qui</strong></span> <span class='ocrx_word' id='word_1_696' title='bbox 1137 4983 1274 5038; x_wconf 86' lang='lat' dir='ltr'><strong>communi</strong></span> <span class='ocrx_word' id='word_1_697' title='bbox 1290 4983 1501 5051; x_wconf 78' lang='lat' dir='ltr'><strong>vescituraere,</strong></span> <span class='ocrx_word' id='word_1_698' title='bbox 1520 4999 1574 5040; x_wconf 89' lang='lat' dir='ltr'><strong>nott</strong></span> <span class='ocrx_word' id='word_1_699' title='bbox 1601 4985 1866 5042; x_wconf 80' lang='lat' dir='ltr'><strong>commuui&#39;lmatur</strong></span> 
     </span>
     <span class='ocr_line' id='line_1_53' title="bbox 246 5073 1865 5149; baseline 0.002 -19"><span class='ocrx_word' id='word_1_700' title='bbox 246 5074 312 5130; x_wconf 91' lang='lat' dir='ltr'><strong>mibi</strong></span> <span class='ocrx_word' id='word_1_701' title='bbox 339 5073 447 5143; x_wconf 90' lang='lat' dir='ltr'><strong>penitus</strong></span> <span class='ocrx_word' id='word_1_702' title='bbox 470 5073 647 5142; x_wconf 86' lang='lat' dir='ltr'><strong>proinernnt;</strong></span> <span class='ocrx_word' id='word_1_703' title='bbox 668 5073 730 5142; x_wconf 85' lang='lat' dir='ltr'><strong>quia</strong></span> <span class='ocrx_word' id='word_1_704' title='bbox 757 5073 791 5129; x_wconf 90' lang='lat' dir='ltr'><strong>de</strong></span> <span class='ocrx_word' id='word_1_705' title='bbox 814 5073 919 5143; x_wconf 91' lang='lat' dir='ltr'><strong>rapinis</strong></span> <span class='ocrx_word' id='word_1_706' title='bbox 934 5082 963 5129; x_wconf 94' lang='grc' dir='ltr'><strong>ιι</strong></span> <span class='ocrx_word' id='word_1_707' title='bbox 986 5075 1027 5130; x_wconf 91' lang='lat' dir='ltr'><strong>ln·</strong></span> <span class='ocrx_word' id='word_1_708' title='bbox 1076 5087 1167 5146; x_wconf 88' lang='lat' dir='ltr'><strong>pace:</strong></span> <span class='ocrx_word' id='word_1_709' title='bbox 1186 5082 1215 5129; x_wconf 90' lang='lat' dir='ltr'><strong>et</strong></span> <span class='ocrx_word' id='word_1_710' title='bbox 1229 5075 1403 5132; x_wconf 82' lang='lat' dir='ltr'><strong>Christianus</strong></span> <span class='ocrx_word' id='word_1_711' title='bbox 1417 5075 1488 5133; x_wconf 90' lang='lat' dir='ltr'><strong>inter</strong></span> <span class='ocrx_word' id='word_1_712' title='bbox 1507 5076 1680 5134; x_wconf 81' lang='lat' dir='ltr'><strong>Christianos</strong></span> <span class='ocrx_word' id='word_1_713' title='bbox 1696 5075 1784 5133; x_wconf 92' lang='lat' dir='ltr'><strong>libere</strong></span> <span class='ocrx_word' id='word_1_714' title='bbox 1798 5091 1865 5149; x_wconf 89' lang='lat' dir='ltr'><strong>pro·</strong></span> 
     </span>
     <span class='ocr_line' id='line_1_54' title="bbox 222 5153 1866 5236; baseline 0.002 -16"><span class='ocrx_word' id='word_1_715' title='bbox 222 5164 359 5236; x_wconf 69' lang='lat' dir='ltr'><strong>⁴justitiis</strong></span> <span class='ocrx_word' id='word_1_716' title='bbox 382 5164 518 5235; x_wconf 82' lang='lat' dir='ltr'><strong>acqtsisita</strong></span> <span class='ocrx_word' id='word_1_717' title='bbox 545 5173 618 5220; x_wconf 86' lang='lat' dir='ltr'><strong>sunt.</strong></span> <span class='ocrx_word' id='word_1_718' title='bbox 636 5182 645 5216; x_wconf 92' lang='lat' dir='ltr'><strong>t</strong></span> <span class='ocrx_word' id='word_1_719' title='bbox 665 5162 714 5220; x_wconf 92' lang='lat' dir='ltr'><strong>llis</strong></span> <span class='ocrx_word' id='word_1_720' title='bbox 735 5165 838 5220; x_wconf 89' lang='lat' dir='ltr'><strong>auditis</strong></span> <span class='ocrx_word' id='word_1_721' title='bbox 851 5203 860 5230; x_wconf 92' lang='lat'><strong>,</strong></span> <span class='ocrx_word' id='word_1_722' title='bbox 873 5154 1027 5236; x_wconf 74' lang='lat' dir='ltr'><strong>&#39;episcopus</strong></span> <span class='ocrx_word' id='word_1_723' title='bbox 1079 5153 1153 5235; x_wconf 73' lang='lat' dir='ltr'><strong>gredi</strong></span> <span class='ocrx_word' id='word_1_724' title='bbox 1170 5165 1275 5221; x_wconf 82' lang='lat' dir='ltr'><strong>debesa</strong></span> <span class='ocrx_word' id='word_1_725' title='bbox 1297 5166 1360 5223; x_wconf 90' lang='lat' dir='ltr'><strong>dum</strong></span> <span class='ocrx_word' id='word_1_726' title='bbox 1371 5181 1465 5224; x_wconf 87' lang='lat' dir='ltr'><strong>omnes</strong></span> <span class='ocrx_word' id='word_1_727' title='bbox 1479 5167 1535 5223; x_wconf 91' lang='lat' dir='ltr'><strong>siut</strong></span> <span class='ocrx_word' id='word_1_728' title='bbox 1548 5183 1583 5223; x_wconf 88' lang='grc' dir='ltr'><strong>ιι</strong></span> <span class='ocrx_word' id='word_1_729' title='bbox 1600 5183 1655 5223; x_wconf 93' lang='lat' dir='ltr'><strong>uno</strong></span> <span class='ocrx_word' id='word_1_730' title='bbox 1673 5168 1820 5235; x_wconf 90' lang='lat' dir='ltr'><strong>lautulitlo,</strong></span> <span class='ocrx_word' id='word_1_731' title='bbox 1836 5178 1866 5225; x_wconf 89' lang='lat' dir='ltr'><strong>et</strong></span> 
     </span>
     <span class='ocr_line' id='line_1_55' title="bbox 246 5253 1865 5330; baseline 0.001 -19"><span class='ocrx_word' id='word_1_732' title='bbox 246 5257 360 5313; x_wconf 82' lang='lat' dir='ltr'><strong>Romam</strong></span> <span class='ocrx_word' id='word_1_733' title='bbox 375 5255 490 5328; x_wconf 73' lang='lat' dir='ltr'><strong>impigre</strong></span> <span class='ocrx_word' id='word_1_734' title='bbox 502 5257 581 5322; x_wconf 88' lang='lat' dir='ltr'><strong>adiit,</strong></span> <span class='ocrx_word' id='word_1_735' title='bbox 592 5265 621 5310; x_wconf 88' lang='grc' dir='ltr'><strong>ιι</strong></span> <span class='ocrx_word' id='word_1_736' title='bbox 638 5253 737 5311; x_wconf 84' lang='lat' dir='ltr'><strong>loanni</strong></span> <span class='ocrx_word' id='word_1_737' title='bbox 750 5270 827 5326; x_wconf 81' lang='lat' dir='ltr'><strong>pape</strong></span> <span class='ocrx_word' id='word_1_738' title='bbox 838 5256 932 5311; x_wconf 90' lang='lat' dir='ltr'><strong>iratris</strong></span> <span class='ocrx_word' id='word_1_739' title='bbox 943 5259 1026 5312; x_wconf 86' lang='lat' dir='ltr'><strong>uerba</strong></span> <span class='ocrx_word' id='word_1_740' title='bbox 1078 5269 1175 5312; x_wconf 86' lang='lat' dir='ltr'><strong>omues</strong></span> <span class='ocrx_word' id='word_1_741' title='bbox 1188 5255 1270 5312; x_wconf 87' lang='lat' dir='ltr'><strong>unlus</strong></span> <span class='ocrx_word' id='word_1_742' title='bbox 1283 5258 1425 5330; x_wconf 69' lang='lat' dir='ltr'><strong>sanguinis</strong></span> <span class='ocrx_word' id='word_1_743' title='bbox 1436 5258 1574 5329; x_wconf 74' lang='lat' dir='ltr'><strong>eottluucti</strong></span> <span class='ocrx_word' id='word_1_744' title='bbox 1588 5258 1711 5330; x_wconf 70' lang='lat' dir='ltr'><strong>coagulo,</strong></span> <span class='ocrx_word' id='word_1_745' title='bbox 1729 5259 1865 5329; x_wconf 85' lang='lat' dir='ltr'><strong>redempti</strong></span> 
     </span>
     <span class='ocr_line' id='line_1_56' title="bbox 246 5345 1866 5420; baseline -0.001 -15"><span class='ocrx_word' id='word_1_746' title='bbox 246 5353 384 5417; x_wconf 79' lang='lat' dir='ltr'><strong>narratit3</strong></span> <span class='ocrx_word' id='word_1_747' title='bbox 410 5360 439 5404; x_wconf 91' lang='grc' dir='ltr'><strong>ιι</strong></span> <span class='ocrx_word' id='word_1_748' title='bbox 460 5350 645 5419; x_wconf 87' lang='lat' dir='ltr'><strong>episcopatum</strong></span> <span class='ocrx_word' id='word_1_749' title='bbox 660 5362 724 5402; x_wconf 82' lang='lat' dir='ltr'><strong>tuot</strong></span> <span class='ocrx_word' id='word_1_750' title='bbox 739 5346 871 5412; x_wconf 88' lang='lat' dir='ltr'><strong>deseruit,</strong></span> <span class='ocrx_word' id='word_1_751' title='bbox 886 5358 915 5402; x_wconf 94' lang='lat' dir='ltr'><strong>et</strong></span> <span class='ocrx_word' id='word_1_752' title='bbox 931 5361 1027 5403; x_wconf 89' lang='lat' dir='ltr'><strong>mona-</strong></span> <span class='ocrx_word' id='word_1_753' title='bbox 1078 5345 1177 5417; x_wconf 87' lang='lat' dir='ltr'><strong>pretio.</strong></span> <span class='ocrx_word' id='word_1_754' title='bbox 1189 5346 1312 5412; x_wconf 83' lang='lat' dir='ltr'><strong>llltesum</strong></span> <span class='ocrx_word' id='word_1_755' title='bbox 1326 5359 1494 5404; x_wconf 83' lang='lat' dir='ltr'><strong>verotoutra</strong></span> <span class='ocrx_word' id='word_1_756' title='bbox 1506 5359 1641 5420; x_wconf 78' lang='lat' dir='ltr'><strong>precepta</strong></span> <span class='ocrx_word' id='word_1_757' title='bbox 1661 5348 1709 5404; x_wconf 84' lang='lat' dir='ltr'><strong>bel</strong></span> <span class='ocrx_word' id='word_1_758' title='bbox 1735 5349 1781 5420; x_wconf 83' lang='lat' dir='ltr'><strong>qui</strong></span> <span class='ocrx_word' id='word_1_759' title='bbox 1792 5363 1866 5419; x_wconf 78' lang='lat' dir='ltr'><strong>prse-</strong></span> 
     </span>
     <span class='ocr_line' id='line_1_57' title="bbox 245 5437 1866 5510; baseline 0.001 -13"><span class='ocrx_word' id='word_1_760' title='bbox 245 5443 326 5496; x_wconf 88' lang='lat' dir='ltr'><strong>cltum</strong></span> <span class='ocrx_word' id='word_1_761' title='bbox 349 5438 445 5494; x_wconf 88' lang='lat' dir='ltr'><strong>induit.</strong></span> <span class='ocrx_word' id='word_1_762' title='bbox 460 5439 588 5510; x_wconf 77' lang='lat' dir='ltr'><strong>Ejusdem</strong></span> <span class='ocrx_word' id='word_1_763' title='bbox 610 5452 674 5494; x_wconf 87' lang='lat' dir='ltr'><strong>vern</strong></span> <span class='ocrx_word' id='word_1_764' title='bbox 687 5437 826 5494; x_wconf 85' lang='lat' dir='ltr'><strong>Benedicti</strong></span> <span class='ocrx_word' id='word_1_765' title='bbox 843 5453 927 5508; x_wconf 86' lang='lat' dir='ltr'><strong>nepos</strong></span> <span class='ocrx_word' id='word_1_766' title='bbox 939 5437 1028 5495; x_wconf 79' lang='lat' dir='ltr'><strong>Rene·</strong></span> <span class='ocrx_word' id='word_1_767' title='bbox 1078 5439 1161 5510; x_wconf 86' lang='lat' dir='ltr'><strong>cepit,</strong></span> <span class='ocrx_word' id='word_1_768' title='bbox 1183 5446 1213 5493; x_wconf 89' lang='lat' dir='ltr'><strong>ut</strong></span> <span class='ocrx_word' id='word_1_769' title='bbox 1232 5439 1279 5509; x_wconf 79' lang='lat' dir='ltr'><strong>qui</strong></span> <span class='ocrx_word' id='word_1_770' title='bbox 1300 5439 1380 5495; x_wconf 87' lang='lat' dir='ltr'><strong>altari</strong></span> <span class='ocrx_word' id='word_1_771' title='bbox 1402 5442 1578 5510; x_wconf 87' lang='lat' dir='ltr'><strong>deserviunt,</strong></span> <span class='ocrx_word' id='word_1_772' title='bbox 1608 5443 1642 5500; x_wconf 86' lang='lat' dir='ltr'><strong>tle</strong></span> <span class='ocrx_word' id='word_1_773' title='bbox 1668 5445 1747 5500; x_wconf 83' lang='lat' dir='ltr'><strong>aliosi</strong></span> <span class='ocrx_word' id='word_1_774' title='bbox 1770 5445 1866 5500; x_wconf 82' lang='lat' dir='ltr'><strong>vivant</strong></span> 
     </span>
     <span class='ocr_line' id='line_1_58' title="bbox 245 5527 1865 5605; baseline 0.004 -19"><span class='ocrx_word' id='word_1_775' title='bbox 245 5532 344 5596; x_wconf 89' lang='lat' dir='ltr'><strong>dictas,</strong></span> <span class='ocrx_word' id='word_1_776' title='bbox 365 5529 412 5598; x_wconf 75' lang='grc' dir='ltr'><strong>(μα’</strong></span> <span class='ocrx_word' id='word_1_777' title='bbox 433 5542 495 5602; x_wconf 89' lang='lat' dir='ltr'><strong>post</strong></span> <span class='ocrx_word' id='word_1_778' title='bbox 508 5544 569 5586; x_wconf 89' lang='lat' dir='ltr'><strong>eunt</strong></span> <span class='ocrx_word' id='word_1_779' title='bbox 591 5531 699 5595; x_wconf 90' lang='lat' dir='ltr'><strong>tertius,</strong></span> <span class='ocrx_word' id='word_1_780' title='bbox 712 5527 810 5584; x_wconf 83' lang='lat' dir='ltr'><strong>ioatrni</strong></span> <span class='ocrx_word' id='word_1_781' title='bbox 830 5543 894 5585; x_wconf 90' lang='lat' dir='ltr'><strong>veso</strong></span> <span class='ocrx_word' id='word_1_782' title='bbox 911 5545 987 5599; x_wconf 79' lang='lat' dir='ltr'><strong>papse</strong></span> <span class='ocrx_word' id='word_1_783' title='bbox 1005 5531 1027 5586; x_wconf 97' lang='lat' dir='ltr'><strong>ll</strong></span> <span class='ocrx_word' id='word_1_784' title='bbox 1080 5531 1106 5603; x_wconf 83' lang='lat' dir='ltr'><strong>(i</strong></span> <span class='ocrx_word' id='word_1_785' title='bbox 1122 5532 1183 5588; x_wconf 80' lang='lat' dir='ltr'><strong>Cos.</strong></span> <span class='ocrx_word' id='word_1_786' title='bbox 1202 5534 1254 5605; x_wconf 85' lang='lat' dir='ltr'><strong>ts).</strong></span> <span class='ocrx_word' id='word_1_787' title='bbox 1270 5532 1384 5588; x_wconf 87' lang='lat' dir='ltr'><strong>llnmum</strong></span> <span class='ocrx_word' id='word_1_788' title='bbox 1402 5533 1447 5590; x_wconf 88' lang='lat' dir='ltr'><strong>bei</strong></span> <span class='ocrx_word' id='word_1_789' title='bbox 1465 5535 1565 5592; x_wconf 83' lang='lat' dir='ltr'><strong>debere</strong></span> <span class='ocrx_word' id='word_1_790' title='bbox 1589 5549 1651 5592; x_wconf 88' lang='lat' dir='ltr'><strong>esse</strong></span> <span class='ocrx_word' id='word_1_791' title='bbox 1671 5537 1782 5592; x_wconf 89' lang='lat' dir='ltr'><strong>domum</strong></span> <span class='ocrx_word' id='word_1_792' title='bbox 1799 5543 1865 5593; x_wconf 87' lang='lat' dir='ltr'><strong>ora-</strong></span> 
     </span>
     <span class='ocr_line' id='line_1_59' title="bbox 245 5619 1866 5697; baseline 0.003 -20"><span class='ocrx_word' id='word_1_793' title='bbox 245 5623 273 5677; x_wconf 90' lang='lat' dir='ltr'><strong>in</strong></span> <span class='ocrx_word' id='word_1_794' title='bbox 292 5631 393 5693; x_wconf 89' lang='lat' dir='ltr'><strong>papatu</strong></span> <span class='ocrx_word' id='word_1_795' title='bbox 416 5624 557 5688; x_wconf 88' lang='lat' dir='ltr'><strong>successit,</strong></span> <span class='ocrx_word' id='word_1_796' title='bbox 574 5631 603 5676; x_wconf 95' lang='lat' dir='ltr'><strong>ut</strong></span> <span class='ocrx_word' id='word_1_797' title='bbox 618 5619 785 5678; x_wconf 89' lang='lat' dir='ltr'><strong>llumbertus</strong></span> <span class='ocrx_word' id='word_1_798' title='bbox 806 5623 1027 5696; x_wconf 78' lang='lat' dir='ltr'><strong>archiepiscopus</strong></span> <span class='ocrx_word' id='word_1_799' title='bbox 1081 5624 1172 5689; x_wconf 87' lang='lat' dir='ltr'><strong>tiotris,</strong></span> <span class='ocrx_word' id='word_1_800' title='bbox 1185 5639 1239 5680; x_wconf 89' lang='lat' dir='ltr'><strong>uon</strong></span> <span class='ocrx_word' id='word_1_801' title='bbox 1253 5625 1409 5694; x_wconf 87' lang='lat' dir='ltr'><strong>speluncam</strong></span> <span class='ocrx_word' id='word_1_802' title='bbox 1432 5623 1568 5682; x_wconf 87' lang='lat' dir='ltr'><strong>latronum</strong></span> <span class='ocrx_word' id='word_1_803' title='bbox 1592 5626 1699 5697; x_wconf 65' lang='lat' dir='ltr'><strong>(battis.</strong></span> <span class='ocrx_word' id='word_1_804' title='bbox 1715 5632 1789 5696; x_wconf 83' lang='grc' dir='ltr'>ιιι),</span> <span class='ocrx_word' id='word_1_805' title='bbox 1810 5645 1866 5683; x_wconf 86' lang='lat' dir='ltr'><strong>nors</strong></span> 
     </span>
     <span class='ocr_line' id='line_1_60' title="bbox 248 5712 1867 5788; baseline 0.009 -22"><span class='ocrx_word' id='word_1_806' title='bbox 248 5712 316 5768; x_wconf 85' lang='lat' dir='ltr'><strong>utilri</strong></span> <span class='ocrx_word' id='word_1_807' title='bbox 331 5713 463 5777; x_wconf 89' lang='lat' dir='ltr'><strong>narravit,</strong></span> <span class='ocrx_word' id='word_1_808' title='bbox 478 5714 604 5782; x_wconf 87' lang='lat' dir='ltr'><strong>apparuit</strong></span> <span class='ocrx_word' id='word_1_809' title='bbox 617 5714 725 5770; x_wconf 85' lang='lat' dir='ltr'><strong>cuidam</strong></span> <span class='ocrx_word' id='word_1_810' title='bbox 739 5713 822 5773; x_wconf 84' lang='lat' dir='ltr'><strong>lasso</strong></span> <span class='ocrx_word' id='word_1_811' title='bbox 833 5715 911 5786; x_wconf 81' lang='lat' dir='ltr'><strong>justa</strong></span> <span class='ocrx_word' id='word_1_812' title='bbox 927 5717 1028 5774; x_wconf 89' lang='lat' dir='ltr'><strong>molen·</strong></span> <span class='ocrx_word' id='word_1_813' title='bbox 1081 5717 1261 5788; x_wconf 72' lang='lat' dir='ltr'><strong>gladiatorum</strong></span> <span class='ocrx_word' id='word_1_814' title='bbox 1281 5718 1511 5777; x_wconf 81' lang='lat' dir='ltr'><strong>murentieulum.</strong></span> <span class='ocrx_word' id='word_1_815' title='bbox 1537 5719 1731 5782; x_wconf 80' lang='lat' dir='ltr'><strong>Perutitterent</strong></span> <span class='ocrx_word' id='word_1_816' title='bbox 1743 5725 1867 5782; x_wconf 75' lang='lat' dir='ltr'><strong>obtusio--</strong></span> 
     </span>
    </p>
   </div>
   <div class='ocr_carea' id='block_1_3' title="bbox 0 0 2021 6340">
    <p class='ocr_par' dir='ltr' id='par_1_3' title="bbox 0 0 2021 6340">
     <span class='ocr_line' id='line_1_61' title="bbox 0 0 2021 6340; baseline 0 0"><span class='ocrx_word' id='word_1_817' title='bbox 0 0 2021 6340; x_wconf 95' lang='lat' dir='ltr'><strong> </strong></span> 
     </span>
    </p>
   </div>
  </div>
 </body>
</html>
