4000 6350
219 341 269 401 ldl
805 331 985 388 cbtttbttttt
1005 329 1267 390 ctstmtcttlttsts
1806 328 1864 384 l‘22

216 459 336 532 Calypso
363 454 556 530 putetcrrtme
579 451 705 524 urnrpltae
731 452 832 514 maris,
855 467 916 522 quse
935 451 1012 506 lllnnt
1027 453 1049 512 Α
1065 456 1154 520 punt,
1169 463 1231 519 qnae
1246 447 1289 504 rel
1306 445 1385 502 ddem
1410 447 1572 504 subvertunt
1593 453 1624 499 ut
1645 441 1861 509 necromancia,

217 549 337 608 ueneriis
347 546 534 618 uoluptatibus
560 544 700 609 illectum,
714 542 761 598 diu
777 541 928 597 detinuisse
942 540 1015 596 rele-
1064 538 1108 592 rel
1123 539 1238 594 aliorum
1254 537 1325 591 mala
1353 535 1514 606 publicant,
1531 541 1580 590 aut
1595 533 1664 590 laisa
1679 532 1861 604 confingunt,

222 649 336 704 rantur,
359 635 427 692 adeo
452 641 481 689 ut
505 633 589 690 sociis
613 632 822 704 increpantibus
847 631 893 689 rix
920 636 1015 702 posset
1065 634 1096 681 ut
1111 633 1212 698 satyras
1227 624 1408 693 invectiones,
1430 625 1495 679 iicet
1511 623 1610 679 lamosi
1624 622 1707 679 libelli
1723 621 1861 678 recitatio.

218 730 314 794 aselli,
330 726 471 784 libidinem
487 726 663 798 signillcant,
677 741 737 796 qnae
750 723 832 780 etium
848 724 1015 780 reclamante
1065 719 1147 774 Venti
1168 719 1258 790 ruptis
1278 717 1389 773 [ollibus
1410 724 1586 788 erumpentes
1607 732 1678 786 ques
1693 715 1762 774 socii
1777 729 1864 787 pertr-

219 823 347 902 ratiqne,
361 828 389 875 et
404 818 533 876 sensibus
557 817 642 873 animi
659 815 886 874 dissuadentibus
906 815 1016 886 sapien·
1065 809 1139 864 uiant
1154 809 1280 865 arbitrati
1295 809 1386 864 cultro
1401 808 1584 864 confoderant
1597 823 1630 864 ae
1643 821 1752 878 pereos
1762 807 1863 862 classis

219 921 273 972 tem
289 913 448 984 lrequenter
463 911 604 982 illaqueat.
629 909 717 980 Cuius
733 909 773 964 rei
787 909 912 977 exemplo
938 904 1016 962 Salo·
1065 917 1082 957 a
1105 907 1188 972 portu
1214 901 1311 972 patrie
1326 915 1408 972 quent
1423 901 1552 973 attigerat
1574 894 1602 956 in
1621 903 1708 956 altum
1728 901 1862 971 repulsa:

221 1021 285 1060 mnu
301 1002 364 1076 (lll
378 1001 440 1074 liep.
458 1002 498 1072 ιιι)
512 1016 574 1057 esse
589 1007 695 1072 potest,
709 999 790 1068 cujrrs
805 997 939 1068 sapientia
953 1004 1016 1052 tan·
1065 991 1176 1048 labores
1188 991 1290 1056 iterati,
1312 997 1340 1048 et
1352 990 1458 1046 reditus
1472 989 1500 1045 in
1515 999 1640 1082 tempora
1660 991 1746 1045 multa
1761 989 1864 1045 dilata-

220 1097 283 1152 dem
300 1110 394 1152 amore
410 1094 557 1149 mulierum
575 1093 709 1150 subversa
727 1099 785 1160 est;
802 1105 863 1162 quat
881 1090 1014 1154 mulieres,
1066 1094 1122 1149 tus,
1137 1083 1266 1141 iratemae
1279 1084 1424 1142 discordiae
1437 1083 1589 1157 pericnlum
1604 1084 1733 1146 innuunt,
1750 1083 1864 1155 quando

221 1197 252 1242 nt
265 1187 303 1242 ait
318 1185 398 1243 lesus
412 1184 485 1242 itlius
500 1183 705 1258 Syracb,etirnn
720 1184 851 1253 sapienter
864 1190 1017 1252 aporiatum
1066 1176 1153 1248 isqui
1169 1177 1227 1248 jam
1242 1175 1371 1247 perlectus
1391 1175 1582 1234 estimationis
1602 1175 1776 1241 hubenamn
1795 1191 1864 1230 con-

221 1280 322 1351 sociant
344 1275 442 1351 (Ereti.
465 1278 535 1346 rur).
561 1274 673 1332 Sirenes
692 1290 754 1345 quar
774 1273 906 1330 trabentes
930 1273 1017 1330 inter·
1065 1267 1140 1325 vicio
1153 1267 1248 1324 fratris
1266 1276 1350 1340 atque
1369 1269 1536 1325 contumelia
1550 1269 1626 1325 relut
1638 1267 1758 1339 quodam
1773 1267 1862 1322 cultro

221 1378 382 1444 pretentur,
398 1369 505 1442 poetice
520 1369 630 1441 quidem
654 1374 778 1423 monstra
801 1367 907 1422 marina
929 1375 1015 1423 sunt:
1067 1360 1211 1426 conlisus,
1225 1361 1260 1416 de
1280 1360 1346 1416 inllc
1367 1361 1461 1422 cordis
1484 1361 1530 1417 ubi
1549 1361 1647 1432 plenus
1663 1361 1796 1416 tbesanro
1817 1377 1865 1414 sa-

223 1461 292 1517 adeo
311 1461 392 1518 dulce
405 1460 534 1516 canentia
558 1466 589 1515 nt
609 1459 767 1530 quicunqne
781 1455 942 1527 navigantes
964 1469 1017 1510 au·
1068 1451 1178 1522 pientiae
1189 1455 1347 1523 putabatur,
1360 1451 1510 1508 iracundiae
1521 1460 1619 1508 uetitos
1629 1459 1658 1507 et
1671 1450 1810 1507 turbinem
1824 1450 1868 1504 ln-

222 1551 325 1606 dreriut
337 1549 483 1607 dulcedine
499 1557 600 1606 cautus
612 1548 647 1604 ad
664 1547 794 1619 scopulos
807 1555 958 1618 cautesque
971 1561 1019 1602 ua-
1069 1544 1141 1602 roris
1153 1545 1279 1610 cllundit,
1296 1560 1329 1600 ac
1344 1561 1394 1617 per
1408 1544 1461 1599 lroc
1480 1550 1591 1616 apertu
1609 1559 1714 1600 neura
1734 1541 1865 1599 stationis
1967 1596 1971 1607 ,

223 1640 345 1711 rib-agas
357 1639 399 1696 rel
414 1639 493 1696 inriti
507 1639 652 1710 rapiantur
666 1646 694 1693 et
708 1645 832 1709 pereant.
850 1637 884 1692 llt
895 1652 960 1694 tero
973 1653 1019 1694 se·
1068 1636 1097 1691 in
1111 1635 1261 1692 discrimen
1280 1651 1388 1690 ntorum
1401 1634 1503 1690 etrite
1523 1635 1675 1706 repellitur,
1690 1634 1735 1691 uir
1751 1635 1864 1689 tandein

224 1732 346 1787 cundum
370 1731 411 1786 rei
432 1730 593 1797 ueritatem,
614 1729 691 1785 aiunt
716 1729 743 1784 iu
767 1729 836 1786 loeis
851 1728 1017 1801 quibusdam
1070 1731 1261 1802 postmultum
1277 1725 1610 1801 temporisetlaborisad
1628 1727 1704 1781 illum
1717 1740 1801 1796 quent
1815 1724 1867 1780 do

225 1839 301 1879 mare
314 1829 477 1894 perpetuum
490 1821 591 1878 babere
601 1836 713 1878 ettrsurn
729 1820 757 1875 iu
772 1819 884 1876 modum
901 1819 1021 1891 rapidis·
1035 1831 1057 1887 Β
1071 1825 1139 1879 serit
1150 1821 1260 1879 virtutis
1274 1829 1376 1878 statum
1390 1821 1540 1877 rediturus.
1556 1817 1665 1890 optime
1680 1827 1794 1875 noverat
1812 1817 1867 1873 boe

225 1917 288 1975 sinti
311 1914 490 1980 lluntiuis,et
511 1913 606 1971 densb
620 1912 747 1969 cautibus
764 1913 953 1970 indesinenter
976 1913 1019 1968 in·
1069 1913 1238 1985 Apostolus,
1261 1913 1326 1983 qui,
1347 1927 1411 1968 eunt
1437 1910 1523 1966 urulta
1551 1909 1738 1981 periculorum
1763 1921 1867 1978 genera

226 2007 362 2070 silire,et
375 2019 409 2060 ex
424 2019 458 2060 eo
477 2017 575 2060 sonum
596 2011 708 2058 acutum
723 2013 806 2072 atque
828 2001 1019 2060 dulcissimum
1070 2004 1193 2062 seriatim
1203 2011 1403 2067 enumerasset,
1414 2010 1476 2074 post
1485 2001 1578 2058 omnia
1587 1999 1742 2070 subiunxit,
1751 2000 1864 2055 diceus:

225 2094 377 2166 procreari.
391 2091 497 2160 eribus
514 2092 584 2149 loeis
595 2107 658 2148 cum
670 2101 777 2149 tautum
792 2101 883 2150 nautae
895 2109 1020 2151 accesse-
1070 2096 1203 2154 Pericalia
1226 2097 1255 2151 r'rr
1269 2096 1348 2166 sutria
1362 2095 1494 2167 [ratribus
1506 2093 1553 2168 (ll
1566 2093 1630 2150 dor.
1647 2094 1702 2164 rr).
1717 2091 1781 2148 llaec
1798 2097 1869 2147 sunt

226 2181 283 2238 rint
304 2189 334 2238 ut
355 2182 390 2238 ab
411 2182 452 2238 eis
471 2197 558 2238 sonus
573 2183 619 2238 ille
639 2183 728 2254 possit
751 2183 862 2253 arrdiri;
888 2199 944 2240 non
964 2194 1019 2239 turn
1070 2203 1131 2261 qne
1144 2186 1262 2261 gentiles
1284 2187 1442 2261 pbilosopbi
1462 2186 1497 2242 de
1519 2186 1662 2242 laboribus
1683 2190 1711 2240 et
1733 2182 1867 2255 patientia

227 2275 330 2331 uirtute
343 2283 454 2340 cantus,
470 2283 500 2330 ut
515 2275 637 2348 lingitur,
657 2291 740 2345 quarn
766 2275 852 2331 maris
867 2275 955 2348 ipsius
969 2275 1021 2331 iut-
1070 2276 1280 2349 prudentissimi
1305 2277 1374 2341 riri,
1388 2276 1442 2332 snb
1454 2276 1574 2348 quodam
1588 2275 1743 2330 tabutarun
1758 2273 1868 2344 integu-

227 2375 291 2438 petu
306 2365 385 2436 proni
400 2366 546 2436 rapiuntur
560 2367 588 2420 iu
604 2365 750 2437 scuprtlos,
769 2372 797 2420 et
820 2364 884 2420 illisi
907 2365 1022 2422 naulra·
1071 2377 1179 2433 mento,
1195 2383 1252 2423 nnn
1275 2374 1332 2422 tarn
1353 2368 1503 2424 mentiendi
1524 2367 1637 2424 libidine
1650 2381 1732 2438 qnam
1749 2365 1869 2438 publicae

227 2459 273 2530 pio
292 2466 419 2528 pereunt.
435 2457 494 2514 lloc
508 2468 598 2515 autern
621 2455 730 2514 dilllcrle
743 2465 886 2528 compertu
902 2466 958 2526 est,
979 2460 1021 2514 rel
1071 2449 1198 2516 utilitatis
1213 2469 1338 2532 aspectu,
1349 2461 1443 2518 multis
1459 2460 1521 2516 rita
1534 2469 1562 2517 et
1575 2459 1743 2515 documento
1756 2473 1868 2513 morunt

228 2552 318 2622 magis
333 2551 522 2623 impossibile,
538 2566 600 2607 eum
617 2553 709 2606 nullus
722 2551 750 2606 ln
766 2550 835 2608 loeis
850 2549 903 2608 illis
923 2549 1022 2622 depre-
1071 2548 1164 2606 lutura
1190 2551 1330 2622 sapienter
1345 2551 1550 2607 continuerunt.
1564 2549 1654 2621 Atque
1670 2556 1700 2604 ut
1716 2564 1802 2604 unum
1820 2564 1869 2604 ex-

229 2643 332 2699 bcusus
351 2649 433 2699 certa
454 2644 551 2699 mortis
565 2642 715 2699 discrimen
730 2651 814 2714 queat
832 2641 961 2716 elingere.
977 2639 1022 2697 Si⁴
1070 2642 1206 2713 primatnr
1218 2642 1253 2698 de
1275 2642 1402 2714 pluribus
1419 2635 1596 2714 eremplbmr
1612 2641 1684 2699 sieut
1706 2641 1753 2698 ille
1773 2639 1867 2698 intusa

227 2735 339 2807 quidest
350 2743 441 2792 numm
456 2733 592 2807 Syreuuru
604 2743 703 2790 curatus
716 2749 797 2791 orrrne
810 2734 839 2790 id
854 2735 927 2805 qued
942 2733 1023 2789 aridi·
1071 2733 1133 2805 pice
1144 2739 1200 2788 tam
1213 2733 1271 2789 suis
1287 2747 1370 2805 quam
1384 2733 1523 2788 sociorum
1537 2731 1651 2788 auribus
1664 2731 1761 2796 surdo,
1777 2735 1810 2785 nt
1831 2731 1868 2785 ita

231 2837 289 2882 tunt
303 2841 429 2885 nostrum
445 2825 486 2883 rel
500 2825 590 2884 otiose
602 2836 729 2897 necamus,
745 2827 786 2882 rel
801 2825 911 2882 curiose
926 2824 1020 2888 trabit.
1071 2825 1182 2892 meam,
1205 2827 1322 2899 remigio
1344 2826 1520 2882 illecebrosas
1535 2823 1669 2898 Syrorum
1683 2834 1784 2882 cantus
1798 2825 1869 2882 ellu-

228 2919 271 2973 rel
286 2917 435 2974 artitleiose
452 2917 542 2984 illicit,
557 2917 599 2973 rel
617 2917 758 2989 luxuriose
772 2916 864 2982 allicit,
885 2916 927 2972 rel
942 2915 1023 2971 mali·
1072 2917 1125 2990 piu
1151 2915 1191 2971 ita
1205 2932 1257 2973 nos
1272 2915 1307 2971 ad
1320 2917 1413 2973 omniu
1426 2932 1488 2988 quae
1509 2927 1641 2988 corrupto
1654 2915 1749 2972 auditu
1766 2931 1821 2972 nos
1840 2915 1870 2972 iu

229 3009 300 3064 tiose
315 3009 480 3082 corrumpit.
494 3010 589 3066 Otiose
603 3017 741 3081 occupant
755 3027 799 3076 ea,
815 3025 876 3082 quse
890 3010 953 3066 licet
966 3024 1022 3066 non
1072 3008 1247 3081 naulnpium
1259 3023 1367 3063 ntorum
1381 3009 1491 3065 trabere
1500 3016 1627 3081 possunt,
1639 3023 1720 3064 aures
1733 3010 1869 3080 oppilare,

229 3102 346 3156 nrulturu
366 3101 503 3169 obiciunt,
530 3101 597 3157 nibil
619 3112 710 3159 tamna
724 3102 874 3170 edtucam,
898 3110 928 3156 ut
943 3108 1021 3174 gesta
1073 3115 1106 3155 ae
1131 3099 1206 3154 relut
1237 3099 1438 3156 obsurdescere
1469 3100 1620 3163 debemus,
1647 3098 1773 3155 dicentes
1803 3115 1870 3154 cunr

230 3192 367 3257 lleretrlis,
378 3194 505 3261 tcutttts,
517 3192 657 3261 Hectoris,
671 3196 715 3253 rel
730 3194 887 3252 Alexandri.
905 3195 1023 3252 Carriose
1036 3182 1059 3242 c
1074 3192 1222 3250 Psalmista
1238 3212 1245 3247 ε
1262 3191 1319 3264 Epo
1333 3202 1422 3247 nsunt
1437 3203 1565 3266 tanquam
1585 3192 1683 3248 sardas
1702 3209 1754 3247 non
1775 3192 1872 3247 radn-

230 3288 362 3357 trabuut,
378 3305 450 3360 qua,
466 3290 593 3363 quamvis
608 3290 636 3345 in
652 3306 682 3347 se
695 3304 806 3345 causant
821 3290 885 3344 mali
899 3306 953 3345 nnn
971 3289 1022 3344 ba·
1074 3286 1136 3338 latit
1151 3283 1240 3357 (Ptol.
1258 3284 1374 3355 turn).
1394 3284 1593 3356 sedquoniam
1616 3284 1700 3356 liujus
1713 3283 1766 3338 riri
1785 3300 1871 3357 quern

230 3376 332 3444 beant,
355 3394 451 3435 euram
465 3386 558 3437 tamen
578 3395 641 3451 quae
660 3378 716 3436 lleo
738 3380 854 3435 debetur
871 3378 924 3434 sibi
942 3392 1026 3431 usnr·
1072 3376 1130 3447 jans
1143 3392 1217 3447 sape
1233 3377 1356 3434 diximus
1368 3378 1571 3450 nauigationem
1586 3387 1801 3449 prosequentes,
1818 3378 1871 3449 ipsi

231 3478 310 3543 pant,
326 3478 357 3527 ut
377 3472 557 3536 astronomia,
571 3488 633 3544 que
649 3480 760 3543 propter
774 3472 861 3528 solaut
876 3470 1026 3539 euriqsita·
1075 3485 1185 3543 quoque
1211 3474 1306 3529 nescio
1323 3487 1379 3545 quo
1394 3473 1494 3545 spiritu
1514 3474 1581 3541 acti,
1603 3473 1713 3545 longius
1741 3473 1872 3544 apposito

232 3572 288 3618 tem
322 3562 494 3633 probibetur.
529 3561 684 3618 artificiose
708 3562 841 3629 illiciunt,
867 3576 929 3633 quae
962 3561 1025 3616 licta
1075 3563 1239 3621 relideando
1252 3564 1567 3639 decurrimus,tempus
1580 3565 1695 3636 estjam
1716 3564 1819 3636 stplum
1835 3562 1873 3617 ad

232 3652 342 3725 quidem
355 3664 431 3718 sunt,
444 3652 492 3709 scd
503 3654 562 3723 ipso
577 3651 725 3709 mentiendi
737 3652 855 3708 artilleio
866 3652 953 3711 uronis
965 3654 1026 3723 pla·
1075 3656 1220 3710 materians
1231 3671 1373 3712 revocare.
1386 3654 1421 3710 Et
1433 3655 1499 3727 qnia
1509 3656 1568 3727 iant
1582 3655 1651 3712 duas
1663 3655 1770 3726 speeies
1781 3653 1870 3709 boni:

233 3751 318 3809 cent,
340 3752 371 3799 ut
387 3743 486 3800 labala
504 3742 623 3801 Nasonis
645 3751 672 3800 et
688 3760 750 3815 quae
764 3742 922 3813 bnjusmodi
949 3752 1026 3799 sunt.
1074 3745 1320 3817 preparatorium,
1350 3745 1458 3801 scilicet
1485 3753 1514 3801 et
1537 3744 1746 3815 inspiratorium
1775 3742 1813 3797 ita
1841 3750 1873 3795 ιιι

233 3831 349 3891 Curione
368 3834 505 3901 afficiunt,
527 3850 588 3907 quae
602 3835 664 3907 ipso
690 3835 785 3891 auditu
801 3834 941 3890 libidinem
956 3833 1029 3890 iuci-
1075 3835 1134 3891 ticri
1158 3836 1248 3908 potuit
1262 3836 1460 3904 tractavimus,
1491 3850 1565 3891 rrunc
1578 3835 1613 3891 ad
1628 3834 1758 3903 tendum,
1779 3832 1808 3889 id
1827 3842 1873 3889 est

233 3934 302 3992 tant,
312 3932 342 3982 ut
353 3926 438 3999 lyrica
455 3926 621 3999 Sappbonis,
635 3928 728 3999 ethiae
742 3926 869 3993 Nasonis,
883 3926 1043 3983 contentu·
1076 3931 1249 3987 meritorium
1264 3930 1417 3986 reniamus.

233 4017 392 4087 Menandri,
415 4018 505 4075 Plauti
528 4021 571 4077 uel
592 4018 724 4076 Terentii.
748 4018 885 4077 delitiose
904 4034 1028 4077 eorrum-

241 4234 388 4251 --1-11-

798 4396 982 4485 ttntttt
1017 4394 1318 4501 obtutus·

888 4590 934 4651 Ite
951 4585 1120 4652 meritorio
1136 4590 1221 4654 bono

446 4914 648 4974 etrttbtbtt
667 4910 814 4971 Pttttttttt.
1036 4919 1068 4984 υ
1079 4917 1205 4989 utrisque
1218 4918 1300 4989 paulo
1316 4920 1545 4989 posteridentius
1562 4922 1725 4979 disseretur.
1741 4922 1807 4980 llrne
1823 4940 1874 4979 au·

270 5006 439 5067 Neritorittm
452 5010 556 5065 bonum
569 5008 697 5064 roluntns
707 5007 821 5080 intelligi
834 5006 934 5065 bonam
948 5020 1028 5064 meu·
1078 5016 1136 5065 tenr
1145 5018 1275 5082 quatuor,
1282 5009 1310 5067 id
1319 5020 1364 5071 est
1376 5013 1502 5085 purgatio
1511 5014 1610 5071 ammas
1617 5029 1667 5087 per
1677 5015 1872 5073 remissionem
1984 5049 1985 5076 1

236 5100 275 5159 tls
288 5100 462 5173 qualitatem,
474 5113 557 5170 quarn
572 5100 598 5156 ei
615 5098 735 5171 Spiritus
755 5107 876 5165 sanetus,
890 5100 1027 5157 bonorum
1080 5101 1206 5171 peceati,
1229 5106 1258 5157 et
1279 5101 1342 5173 ejus
1364 5102 1541 5174 justitlcatio,
1567 5115 1598 5162 et
1622 5106 1702 5162 tone
1721 5107 1875 5164 voluntatis
1984 5091 1985 5132 t

236 5192 359 5248 omniurn
375 5190 494 5261 spirator
509 5190 635 5262 inspirat.
650 5192 720 5248 Cum
738 5192 810 5249 eninr
828 5207 895 5247 aura
907 5190 1029 5265 Spiritus
1080 5190 1238 5265 inspiratio,
1249 5200 1278 5247 et
1291 5200 1371 5250 aetus
1386 5193 1512 5259 interior,
1526 5196 1566 5250 ita
1581 5196 1634 5252 sibi
1644 5196 1774 5267 corripe
1789 5208 1875 5269 atquc
1984 5257 1985 5286 ,

237 5282 327 5339 sanni
342 5282 534 5355 parentelam
549 5298 565 5337 a
579 5282 655 5341 vitiis
668 5284 786 5349 anim,
801 5299 834 5340 ue
849 5284 961 5356 perboe
981 5285 1029 5355 iu·
1081 5299 1209 5341 conam
1230 5292 1297 5343 snut
1325 5305 1333 5341 ι
1359 5295 1391 5341 nt
1409 5288 1502 5359 potius
1523 5286 1623 5345 ordine
1642 5302 1726 5359 quana
1749 5296 1875 5360 ternpore
1984 5291 1985 5350 ἶ

237 5372 483 5443 montepiscino
497 5372 563 5429 datu
575 5376 650 5430 relat
675 5375 788 5448 quidant
801 5374 929 5431 laronius
942 5377 1029 5447 erepit
1081 5376 1189 5447 possint
1199 5377 1331 5435 discerni.
1341 5376 1411 5433 llam
1425 5394 1488 5435 cnut
1503 5378 1623 5451 Spiritus
1634 5386 1748 5437 sanem
1761 5382 1875 5438 rnobilis
1984 5383 1985 5442 ξ

237 5465 373 5537 aspirare,
394 5473 470 5521 creat
491 5480 554 5521 mox
569 5466 597 5521 in
612 5482 644 5524 ea
658 5482 709 5525 oen
730 5484 830 5525 rernns
844 5466 926 5525 flores
941 5468 1029 5527 bonas
1080 5469 1136 5535 sit,
1159 5470 1233 5527 sient
1255 5470 1295 5526 ait
1314 5468 1458 5543 &riptora
1482 5471 1494 5543 (
1504 5470 1571 5544 Sap.
1594 5472 1663 5544 ru),
1687 5487 1744 5529 aon
1768 5474 1875 5545 patitur
1984 5491 1985 5516 ι

237 5554 372 5627 quasdam
387 5558 487 5613 mentis
500 5560 663 5631 qualitates,
685 5562 784 5634 quibus
804 5563 863 5634 ipsa
877 5577 956 5618 arens
969 5578 1029 5619 rnn-
1081 5572 1201 5621 nentem
1218 5580 1303 5636 quam
1316 5564 1450 5622 adlarerit
1461 5566 1579 5621 nom
1603 5582 1665 5623 esse
1685 5574 1714 5623 et
1731 5568 1873 5634 desideum
1984 5551 1985 5630 ᾗ

238 5654 335 5703 retur:
349 5647 468 5719 ριίιιιιιιι
483 5650 592 5720 quidem
617 5654 651 5709 ad
667 5664 746 5710 aetus
760 5654 917 5720 interiores,
929 5654 1029 5711 deiude
1081 5658 1131 5714 sed
1149 5658 1247 5713 eodem
1260 5656 1319 5715 lere
1333 5667 1512 5715 momentoet
1523 5668 1623 5732 purgat
1641 5671 1670 5718 et
1687 5660 1835 5731 jrstttcat.
1845 5672 1876 5718 et
1984 5637 1985 5698 l

238 5752 339 5797 suanm
363 5737 400 5799 ad
422 5742 514 5815 operis
531 5744 676 5807 ululatio
698 5744 844 5815 ellectum,
866 5748 901 5805 de
927 5746 1029 5817 quibua
1083 5748 1167 5805 afficit
1184 5749 1258 5807 bana
1274 5751 1500 5822 qualitateetat
1521 5767 1589 5811 snas
1610 5754 1873 5813 erritatactionea:
1984 5795 1985 5822 ;
