4000 6350
283 381 333 438 ill
436 425 439 431 .
883 373 1066 430 obstruuut
1086 369 1347 429 ctslltltclurlsls
1873 378 1922 434 tls

279 497 326 554 liei
351 509 431 568 quem
448 495 516 550 laiso
539 493 683 564 iruplorat,
701 489 987 562 importunecaeditet
1005 490 1230 562 con-Anium),
1250 489 1298 549 sed
1324 487 1410 559 magis
1436 488 1602 560 pauperibus
1625 487 1681 546 illis
1706 503 1824 559 quorum
1848 491 1920 550 desi·

267 577 363 661 spuit.
390 585 521 642 Perlectae
540 585 702 641 humilitatis
721 590 763 640 est
777 583 838 647 illa,
863 597 916 654 qua
933 598 962 639 se
976 589 1075 653 sponte
1125 582 1231 637 deviant
1246 580 1358 637 exaudit
1379 579 1528 647 martirium
1542 580 1578 636 de
1597 581 1699 652 quibus
1723 582 1751 636 iu
1773 581 1920 656 Evangelio

279 679 379 752 aliquis
395 675 516 736 inieriori
528 691 577 748 per
596 675 778 732 bumilitatem
798 675 927 746 subjicit,
942 673 1075 745 quemad·
1125 674 1231 730 dictum
1247 682 1289 729 ast
1305 693 1312 728 ι
1330 672 1404 728 beati
1425 687 1553 742 pauperes
1573 674 1688 744 spiritu,
1703 676 1830 745 quoniam
1848 677 1918 750 ipra-

278 770 389 826 modum
407 767 537 823 Salomon
564 769 611 840 qui
633 776 766 839 tanquam
794 783 842 823 rex
866 765 1074 838 potentissimus
1124 783 1184 820 rum
1198 775 1237 821 ast
1253 782 1359 838 regnum
1378 764 1621 836 caelorumfflattlr.
1634 765 1673 838 r).
1685 765 1870 838 compunctio
1883 771 1920 826 si·

261 857 346 915 'nulli
368 859 511 934 bominum
527 870 686 930 assurgere,
702 857 862 928 nullumque
880 867 977 929 praeter
988 855 1073 913 noua
1123 855 1226 911 militer
1246 856 1274 910 in
1300 855 1409 912 duobus
1436 855 1564 913 consistit
1582 875 1590 914 ε
1607 857 1671 914 odio
1688 859 1812 929 peceati,
1836 868 1865 914 et
1886 862 1919 914 ti-

279 951 394 1008 adorare
409 950 553 1007 tenebatur
569 968 576 1006 a
602 951 684 1004 matri
702 965 758 1006 sum
773 955 865 1004 tamen
879 948 913 1003 ad
937 963 967 1004 se
982 949 1074 1020 ingre·
1123 961 1201 1003 more
1216 947 1353 1020 supplicii.
1375 945 1485 1011 lnodio
1498 947 1619 1019 peccati,
1635 948 1772 1020 quianon
1799 959 1918 1006 merctur

280 1043 365 1100 dietlti
377 1043 540 1109 assurrexit,
552 1049 579 1100 et
597 1057 657 1099 earn
670 1041 1072 1108 humiliteradoravit,sicutin
1123 1041 1239 1112 gratiam
1262 1039 1310 1111 qui
1336 1054 1390 1094 nou
1414 1039 1473 1095 odit
1493 1041 1656 1112 nequitiam.
1673 1039 1752 1097 Unde
1772 1039 1918 1099 Psalmisla

278 1135 349 1190 libro
358 1133 462 1206 Regum
477 1146 638 1206 expressum
653 1141 697 1190 est
708 1131 771 1206 (lll
778 1132 841 1204 liep.
852 1132 894 1204 u).
908 1132 1016 1190 Coactae
1027 1149 1074 1190 ne·
1122 1143 1185 1204 post
1208 1133 1270 1188 illos
1290 1142 1346 1189 tres
1360 1131 1512 1188 versiculos
1532 1131 1633 1203 quibus
1657 1131 1800 1188 humiliter
1812 1134 1918 1188 reniam

276 1227 415 1286 cessitatrs
433 1223 628 1298 appellavimus
644 1241 704 1297 quae
716 1225 814 1291 lrt,vel
827 1232 939 1296 propter
951 1232 1071 1292 metum,
1123 1223 1318 1294 postulaverat,
1331 1219 1410 1292 quasi
1428 1219 1618 1276 rationabilem
1628 1236 1741 1276 causam
1756 1220 1923 1294 impetrandi,

276 1317 319 1372 vel
335 1323 448 1388 propter
465 1315 584 1386 aliquam
598 1321 740 1386 urgentem
754 1315 960 1382 necessitatem,
975 1327 1073 1384 quem·
1103 1313 1371 1386 subjunxitdicena
1396 1312 1553 1380 :Quoniam
1569 1313 1736 1384 iniquitatem
1762 1330 1851 1370 auam
1875 1331 1919 1391 eqo

277 1407 425 1464 admodum
443 1404 544 1479 loseph
559 1407 587 1462 in
603 1403 722 1478 AEgyplo
743 1405 842 1462 iratres
862 1404 923 1476 ejus
942 1401 1072 1462 adorasse
1105 1420 1249 1477 cognosco
1280 1413 1306 1458 ct
1329 1411 1466 1472 peccatum
1493 1417 1580 1456 nuum
1603 1410 1697 1454 contra
1711 1410 1805 1456 incest
1818 1415 1919 1469 semper

261 1500 437 1580 ‚referuntur
453 1497 531 1572 (Gan.
547 1498 692 1570 sarr-rav).
1121 1495 1212 1565 (Psal.
1227 1496 1265 1566 a).
1286 1491 1315 1548 ln
1342 1493 1440 1550 timore
1465 1490 1610 1562 supplicii,
1636 1491 1783 1564 quoniam,
1797 1492 1848 1565 qui
1870 1509 1919 1562 pn·

313 1591 437 1662 Deceple
458 1592 588 1647 vanitatis
615 1591 660 1645 illa
685 1597 743 1654 est,
768 1604 821 1660 qna
845 1589 922 1645 stulti
946 1588 1071 1644 homines
1122 1589 1176 1646 niri
1198 1604 1255 1644 non
1278 1591 1406 1649 veretur,
1424 1597 1479 1640 noo
1495 1583 1588 1654 puniri
1609 1597 1664 1637 non
1689 1589 1825 1650 rueretur,
1849 1586 1919 1640 sicut

277 1699 371 1740 errore
396 1698 467 1738 vano
492 1681 613 1755 decepti,
629 1682 671 1738 vel
697 1681 803 1752 aliquas
829 1689 969 1736 creaturas
987 1681 1081 1736 etiam·
1121 1682 1254 1752 scriptum
1278 1675 1380 1735 estad
1406 1675 1668 1732 Thessalonicenses
1684 1693 1691 1732 :
1707 1674 1776 1732 Cum
1802 1675 1918 1732 dicarint

279 1775 346 1844 ipsis
362 1771 521 1838 inferiores,
537 1773 578 1828 vel
597 1787 680 1844 opera
696 1786 825 1826 manuum
850 1785 964 1827 suarum
985 1770 1071 1828 stultu
1120 1789 1175 1846 pan
1191 1783 1217 1829 al
1230 1772 1375 1833 securum,
1394 1778 1457 1824 tunc
1472 1769 1622 1838 repentinus
1636 1769 1675 1822 eir
1689 1769 1854 1838 cupemcnict
1877 1769 1917 1822 in-

213 1859 215 1866 '
281 1873 356 1920 metu
372 1863 598 1921 venerantur.be
621 1862 789 1934 quibuslibet
808 1859 876 1920 dicit
899 1861 1046 1920 Psalmlsta
1063 1834 1217 1922 :Bterltur
1233 1862 1364 1936 (lTbcrr.
1382 1860 1423 1933 v).
1448 1859 1481 1914 ln
1500 1858 1529 1913 iu
1560 1857 1612 1915 lob
1627 1858 1701 1931 (cap.
1713 1861 1773 1930 nr)
1789 1857 1917 1916 :Ducunt

278 1953 483 2025 Constructionem
504 1970 591 2009 ontncr
618 1955 662 2026 qui
689 1953 804 2008 adorant
835 1953 1012 2025 sculptilium
1027 1955 1072 2024 qui
1102 1959 1151 2013 -iu
1168 1958 1243 2014 lanis
1260 1956 1317 2012 aur
1331 1969 1393 2010 ruat
1411 1962 1438 2008 ct
1461 1951 1489 2007 in
1510 1961 1607 2020 puncta
1628 1951 1787 2022 allinierat
1811 1951 1917 2008 dacon-

276 2045 428 2116 qlorlunlur
460 2045 487 2098 in
519 2042 672 2098 cinrnlacris
698 2043 754 2097 suis
792 2039 881 2114 (Ptol.
912 2039 997 2112 xcvi).
1025 2039 1073 2096 tl·
1122 2046 1199 2102 dont.

276 2139 342 2194 tirna
357 2153 418 2210 quas
432 2136 535 2194 dicitur
549 2135 715 2194 detestandae
731 2135 891 2208 nimietatis,
906 2135 951 2190 illa
962 2143 1005 2190 est
1018 2147 1073 2205 qua
1156 2136 1198 2192 dd
1211 2149 1332 2192 amoram
1350 2133 1399 2191 bei
1412 2132 1465 2188 tria
1480 2147 1532 2191 raus
1553 2132 1670 2188 invitant
1685 2153 1693 2188 ι
1710 2147 1841 2208 remtssto
1857 2148 1918 2204 pec-

273 2230 387 2304 quidam
399 2230 524 2286 homines
543 2239 669 2284 nontam
692 2229 768 2284 stulti
786 2242 868 2298 quant
889 2225 983 2297 impii,
997 2226 1073 2296 ipsos
1103 2235 1263 2292 catorum,
1279 2224 1392 2282 collatio
1415 2225 1595 2289 meritorum,
1611 2222 1747 2279 certitudo
1768 2225 1918 2295 potuisse·

275 2321 358 2377 ctiam
369 2319 507 2376 daemones
520 2325 650 2389 tanquam
663 2318 731 2374 eleos
743 2317 771 2370 ln
782 2314 975 2371 coutumeliam
989 2313 1073 2368 Crea·
1122 2334 1194 2374 curn,
1211 2315 1250 2374 De
1262 2317 1351 2386 primo
1365 2315 1513 2388 Apostolus
1531 2333 1538 2368 ι
1556 2311 1727 2384 (ἓνειίῥεεείι
1742 2330 1791 2368 aas
1808 2313 1880 2368 baua
1892 2316 1918 2368 in

257 2397 261 2404 ’
276 2416 347 2470 toris
358 2421 386 2468 et
400 2412 496 2467 colunt
506 2419 533 2466 et
547 2411 686 2465 invocant.
701 2408 739 2465 lle
753 2409 854 2479 quibus
868 2406 905 2460 ita
916 2405 1074 2462 continetur
1122 2408 1218 2464 dilecta
1232 2405 1305 2466 Filia
1318 2422 1384 2473 suc,
1405 2407 1433 2460 ia
1447 2421 1499 2477 quo
1513 2404 1639 2460 babemus
1663 2405 1845 2460 renrirsioncrn
1861 2421 1917 2474 pcc·

277 2506 306 2562 in
329 2503 463 2559 Psalmo:
480 2501 613 2570 Quoniam
637 2515 725 2554 onvnca
744 2498 784 2552 dii
809 2501 925 2568 peculium
940 2499 1074 2554 duntonia
1122 2512 1243 2556 catarum
1263 2499 1345 2572 (pr.
1373 2498 1411 2572 r);
1425 2496 1461 2555 de
1484 2498 1607 2554 secundo
1632 2498 1705 2554 idern
1726 2516 1734 2552 a
1756 2496 1827 2566 Quitl
1850 2498 1918 2552 enin

279 2594 368 2668 (Psal.
384 2590 458 2666 xcv).
471 2589 539 2648 Cum
551 2605 616 2664 ergo
626 2590 682 2645 sint
693 2595 733 2644 tut
747 2591 852 2660 species
861 2588 1004 2654 adorandi,
1017 2589 1073 2661 pri·
1121 2593 1200 2650 babes
1214 2591 1284 2663 quod
1299 2609 1351 2649 aron
1364 2591 1489 2661 accepisti
1506 2589 1533 2663 ll
1548 2589 1611 2647 Gar.
1635 2589 1689 2664 tv);
1703 2590 1739 2647 de
1755 2590 1839 2647 tertio
1853 2590 1915 2645 alili

274 2703 321 2741 *mu
333 2685 443 2758 quidem
457 2699 518 2756 quae
533 2684 583 2739 soli
603 2681 659 2738 lieo
673 2681 787 2737 debetur
809 2681 842 2736 lid
865 2680 972 2736 latriam
988 2679 1073 2752 perii·
1121 2701 1230 2756 quoque
1246 2685 1312 2740 dicit
1331 2684 1448 2740 :Certus
1462 2700 1522 2740 satur
1532 2685 1594 2755 quiq
1604 2692 1695 2753 pomer
1708 2691 1750 2737 est
1768 2681 1918 2752 depositam

259 2763 414 2842 'net,alim
428 2791 493 2833 vero
507 2782 629 2848 quoquot
649 2776 775 2844 pietatem
791 2773 902 2844 sapiunt
913 2771 947 2827 ad
964 2773 1071 2828 ¹duliam
1121 2794 1207 2832 „ream
1228 2793 1332 2832 muare
1360 2777 1388 2831 ia
1422 2775 1499 2831 illam
1529 2773 1621 2841 diem,
1643 2775 1736 2845 iustus
1762 2773 1847 2836 iudea
1874 2772 1917 2843 ul

257 2855 451 2934 'reuersum
477 2869 598 2940 reuqaas
623 2864 657 2920 aa
682 2864 811 2934 iniuriam
837 2871 866 2920 ct
885 2869 1072 2932 sollemnium
1123 2871 1192 2927 rava.
1208 2878 1239 2942 q.
1254 2871 1294 2926 na
1307 2868 1916 2942 regalaestua-laustantmatalaucium:

275 2961 324 3019 uel
341 2969 445 3018 certum
461 2965 503 3016 est
517 2959 664 3032 pertinere.
1121 2961 1237 3016 sociatas
1250 2960 1429 3031 angelorum,
1446 2959 1616 3015 immensitas
1627 2959 1821 3031 praemioruru,
1838 2966 1917 3014 aeter-

540 3049 630 3104 Ter-lia
653 3047 812 3118 differentia.
1121 3054 1194 3107 nitas
1206 3053 1379 3124 gaudiorum.
1398 3051 1435 3108 lle
1450 3053 1538 3122 primo
1556 3051 1688 3110 bantinus
1701 3051 1729 3107 in
1746 3049 1916 3121 Evangelio:

256 3131 257 3138 ἵ
309 3141 406 3201 Tertio
423 3141 484 3198 10ιο
504 3141 622 3215 positum
649 3148 693 3197 eil
709 3147 738 3197 lll
759 3139 883 3213 impensa
907 3140 944 3198 sll
965 3140 1105 3241 circumc
1121 3145 1295 3216 Confitebitur
1302 3159 1361 3200 curn
1371 3142 1395 3198 F
1396 3144 1458 3199 ilinc
1468 3143 1581 3200 lrorninit
1596 3144 1623 3199 in
1638 3159 1716 3215 regnu
1729 3141 1821 3199 Patria
1837 3146 1881 3198 rui
1893 3154 1917 3198 et

274 3237 304 3291 id
319 3244 362 3292 est
372 3232 496 3291 studiosa
507 3273 514 3297 ,
527 3231 646 3288 sollicita
655 3236 684 3287 et
694 3238 852 3297 attenta,ne
867 3234 889 3289 si
903 3232 1070 3304 negligenter
1121 3249 1275 3295 satiatorum
1299 3238 1452 3308 angolorum
1467 3237 1544 3309 (bac,
1564 3236 1631 3308 sn);
1650 3237 1686 3293 da
1703 3238 1826 3293 meando
1841 3236 1917 3294 Psal-

272 3326 413 3390 oraveris,
439 3326 468 3381 iu
486 3324 552 3379 illud
573 3321 680 3379 incidas
701 3322 795 3380 vilium
813 3322 886 3395 ‹quod
913 3324 1004 3395 arguit
1017 3322 1072 3379 Du-
1120 3331 1202 3385 arista
1219 3348 1226 3384 ς
1243 3328 1330 3396 Quam
1342 3344 1436 3397 magna
1450 3326 1594 3383 mullitudo
1605 3325 1752 3383 dulcedinis
1768 3336 1824 3383 tuoe
1838 3344 1917 3399 mara

276 3419 367 3473 miurus
391 3430 440 3487 per
460 3414 620 3486 prophetam
643 3414 739 3472 diceus
761 3435 768 3472 ι
785 3414 902 3485 Populus
924 3414 967 3469 bic
992 3414 1070 3470 labiis
1120 3418 1283 3473 circandisti
1299 3417 1449 3473 clarentibus
1465 3424 1490 3473 ta
1504 3416 1592 3491 (Ptol.
1607 3414 1691 3491 ml}
1717 3417 1753 3473 de
1769 3420 1855 3475 tertio
1880 3424 1916 3475 ait

275 3524 317 3565 art-c
331 3507 458 3573 donarat,
474 3524 522 3562 car
539 3516 626 3561 aulem
645 3525 737 3563 eorum
757 3507 883 3579 longeest
898 3524 914 3562 u
932 3524 972 3563 nae
992 3504 1002 3575 l
1011 3506 1068 3563 lua.
1119 3507 1204 3565 isaus
1219 3528 1226 3563 ι
1243 3506 1351 3561 Latitia
1363 3508 1521 3577 sempiterna
1536 3508 1587 3563 crit
1597 3509 1636 3564 cic
1648 3507 1719 3581 (irc.
1732 3508 1803 3580 ιιι).
1815 3509 1916 3569 Odium

276 3614 358 3665 rum
386 3598 485 3654 datan.
505 3606 572 3667 xv.)
591 3596 741 3671 Propensio
765 3606 855 3655 autern
887 3599 1021 3655 orationis
1041 3598 1070 3653 in
1118 3615 1229 3672 quoque
1238 3600 1344 3669 pcccati
1357 3597 1409 3652 tria
1418 3598 1671 3670 nubisesaggerare
1680 3598 1917 3658 debervtzbeditas
1984 3587 1985 3656 ἶ

257 3686 383 3745 'duobus
402 3687 547 3745 consistit:
571 3686 733 3753 devotione,
758 3686 862 3742 sollicet
885 3690 912 3742 et
936 3698 1070 3757 compun·
1117 3692 1221 3761 culpae,
1236 3688 1336 3745 vulnus
1357 3688 1472 3755 artinas,
1488 3687 1620 3744 damnum
1633 3689 1809 3747 innocentiae.
1837 3691 1916 3751 Unde
1984 3667 1985 3684 Χ

255 3774 258 3781 ’
274 3781 377 3836 ctione.
393 3778 594 3845 indevotione,
609 3778 718 3851 quialsi
733 3777 847 3835 devotus
862 3778 1067 3846 nonoraveris,
1117 3776 1219 3834 Paulus
1240 3777 1348 3835 dicebat
1372 3776 1416 3832 bis
1436 3790 1508 3847 quus
1533 3792 1583 3849 pcr
1605 3778 1755 3835 luctuum
1780 3783 1870 3853 culpan
1887 3800 1916 3839 ao

239 3870 242 3881 '
271 3870 342 3943 quid
364 3871 401 3928 sit
424 3885 504 3926 orare
519 3869 561 3925 vel
575 3870 691 3941 negligis
706 3867 747 3927 vel
765 3868 883 3943 ignoras.
910 3866 1067 3941 improbum
1116 3869 1210 3927 aulon
1233 3869 1339 3941 peccati
1365 3871 1473 3926 volebat
1499 3869 1637 3928 adducere
1659 3889 1666 3927 :
1687 3872 1772 3939 Quem
1796 3878 1916 3942 {manum

272 3960 437 4024 euimvalde
454 3970 495 4017 est
511 3960 602 4017 dicere
625 3960 701 4017 Deo:
728 3958 838 4015 lnlcndc
860 3960 916 4015 toci
938 3961 1067 4016 orationis
1115 3962 1248 4018 lrobur'stir
1283 3963 1385 4017 tanain
1409 3962 1450 4017 ln'r
1480 3962 1509 4017 itt
1537 3961 1632 4035 quibus
1657 3979 1727 4020 nunc
1758 3965 1915 4022 antecellis

274 4063 339 4108 mcu
353 4048 441 4123 (Ptol.
450 4052 572 4119 ulmum
582 4058 612 4105 tu
624 4050 682 4121 ipse
690 4050 914 4121 perdonationem
926 4049 1067 4107 intendere
1116 4054 1204 4130 (liam.
1218 4054 1269 4127 vr).
1283 4052 1322 4109 ue
1339 4054 1451 4110 vulnere
1465 4054 1571 4127 peccati
1588 4054 1617 4110 in
1631 4056 1723 4112 anima
1745 4057 1815 4113 dicit
1830 4058 1915 4115 isaias

255 4208 257 4211 ¹
274 4154 330 4199 non
344 4158 435 4200 cures.
459 4140 488 4197 lu
505 4142 731 4212 compunctione,
748 4140 811 4212 quia
826 4142 874 4213 qui
894 4140 1007 4213 spiritus
1023 4142 1065 4197 sui
1115 4149 1248 4221 propbeta
1267 4165 1274 4202 ε
1298 4146 1400 4202 Vulnus
1413 4156 1439 4202 ct
1462 4146 1529 4203 licor
1540 4155 1566 4202 at
1583 4148 1665 4220 plaga
1679 4157 1783 4205 lunum
1795 4149 1868 4221 (Ira.
1880 4155 1911 4223 t).
1984 4163 1985 4224 j

273 4231 1066 4303 contrit²onenoncomplangitur,Spirilussancticonsola-
1114 4240 1153 4297 lte
1165 4242 1266 4296 damno
1290 4240 1454 4295 innocentiae
1474 4237 1595 4306 loannes
1612 4240 1640 4295 in
1660 4239 1826 4314 Apocalypsi
1838 4246 1911 4315 (cap.
1984 4305 1985 4314 χ

273 4325 349 4380 tione
368 4338 422 4379 nort
437 4326 558 4395 ungitur.
576 4324 625 4380 ilbi
639 4326 711 4381 enim
738 4324 805 4380 nibil
824 4323 914 4391 dolet,
930 4326 1064 4381 medicina
1114 4334 1146 4407 n)
1163 4353 1170 4389 2
1188 4332 1319 4389 Manuaria
1340 4332 1409 4387 narde
1433 4330 1580 4395 excideris,
1601 4342 1629 4387 ιι
1652 4348 1700 4402 aqc
1717 4333 1911 4402 paenitentiam.
1984 4345 1985 4400 ,

274 4416 397 4471 adbiberi
421 4432 476 4471 non
492 4417 576 4485 solcl;
592 4417 723 4473 Dominus
741 4418 814 4473 eninr
836 4431 890 4473 non
914 4426 993 4473 sanat
1010 4418 1062 4475 nisi
1114 4424 1252 4481 Tlviaarem
1281 4424 1407 4495 supplicii
1437 4423 1490 4479 tria
1514 4422 1595 4479 nobis
1622 4423 1746 4479 incutere
1766 4434 1911 4495 possunt:
1984 4481 1985 4500 χ

274 4507 407 4564 contritus
436 4507 533 4576 corde,
559 4509 606 4580 qui
631 4510 725 4565 dicunt
751 4507 775 4563 ai
803 4524 865 4563 cum
892 4507 1037 4565 Psalruisla
1053 4529 1059 4564 z
1078 4516 1268 4588 „annianum
1283 4514 1417 4578 societas,
1439 4527 1583 4584 poenartm
1603 4514 1757 4577 acerbitas,
1774 4516 1911 4571 utalorurn
1984 4509 1985 4564 ἶ

274 4596 348 4655 Sana
368 4600 485 4655 aninmvn
500 4616 584 4657 meant
598 4603 662 4673 quio
678 4602 781 4672 peccaui
800 4598 848 4654 lili
863 4598 950 4671 (Psal.
968 4602 1025 4674 aa).
1114 4606 1282 4677 perennitas.
1300 4602 1365 4659 ilaec
1379 4606 1471 4659 omnia
1481 4609 1613 4658 nomutur
1624 4602 1653 4658 iu
1666 4618 1700 4658 eu
1710 4602 1785 4673 quod
1800 4603 1912 4674 reprobi

307 4686 374 4746 ltern
398 4690 508 4749 devotio
530 4697 557 4748 iu
581 4692 690 4749 duobus
714 4688 893 4748 attenditur:
913 4692 940 4747 in
968 4707 1062 4749 amora
1111 4698 1231 4752 audituri
1259 4704 1323 4753 sunt
1340 4714 1347 4751 ι
1365 4694 1433 4763 ltc,
1454 4694 1588 4749 maledicti
1618 4696 1647 4748 in
1671 4694 1757 4767 ignem
1781 4706 1911 4749 aternum

273 4780 321 4837 bu
338 4790 366 4839 et
390 4782 528 4840 desiderio
543 4782 628 4854 regni.
646 4781 676 4837 ln
689 4798 782 4838 amore
804 4780 867 4845 Dei,
880 4780 944 4853 quia
959 4780 1061 4838 lrustra
1110 4790 1155 4860 qai
1168 4797 1335 4857 preparatus
1352 4796 1392 4841 cut
1413 4785 1521 4844 diabolo
1546 4795 1573 4840 ct
1592 4784 1692 4860 angelis
1715 4785 1775 4856 ejus
1796 4784 1910 4859 (natu.

259 4874 375 4931 'clamas
392 4876 416 4931 sl
441 4890 495 4948 non
521 4890 615 4940 aranas,
630 4872 760 4949 quoniam
777 4874 916 4943 inspector
936 4874 1059 4931 cordium
1111 4879 1186 4945 xvv).
1203 4878 1255 4936 Per
1280 4878 1369 4949 ignem
1384 4879 1476 4943 cnirrr,
1493 4877 1632 4947 acerbitas
1650 4891 1757 4948 posnam
1773 4887 1913 4953 peruler-
1984 4935 1985 4942 ,

270 4973 313 5023 cst
328 4964 414 5031 beus3
429 4967 501 5024 sicut
516 4966 659 5037 diligentes
679 4980 710 5041 se
729 4965 865 5037 benignus
878 4967 1006 5034 exaudit,
1022 4969 1061 5032 ita
1111 4988 1195 5037 avum,
1220 4951 1397 5046 pererrnitas;
1414 4987 1464 5042 per
1483 4970 1623 5027 diabolum
1647 4978 1675 5025 et
1690 4970 1805 5041 angelos
1830 4972 1911 5043 ejus,

270 5058 305 5112 ab
321 5056 364 5115 bis
383 5060 431 5130 qui
451 5072 506 5114 non
520 5058 654 5129 diligunt,
671 5057 757 5113 iratus
767 5072 860 5115 aurem
875 5060 973 5115 avertit
984 5060 1059 5133 (lleq.
1110 5063 1264 5139 druruonuru
1280 5063 1399 5121 societas
1415 5062 1585 5136 designatur.
1984 5049 1985 5058 ¹

269 5148 590 5223 xvll.lltrvvnrqueeniarr
606 5147 738 5220 scripturn
759 5159 824 5206 est:
841 5148 898 5224 Ego
921 5152 1059 5227 dilipcntes
1096 5212 1100 5217 ,
1366 5155 1471 5221 Quarta
1489 5155 1650 5225 differentia.
1984 5207 1985 5226 ,

269 5258 310 5296 nte
320 5240 402 5313 diligo
410 5238 501 5312 (Pron.
509 5238 611 5308 utlibet
627 5237 666 5293 laia
675 5240 720 5311 qni
732 5239 842 5295 ederunt
851 5257 891 5295 ane
903 5240 1058 5310 retribuam
1144 5246 1224 5304 lianc
1246 5246 1280 5303 ad
1301 5255 1428 5318 quartam
1440 5246 1624 5305 differentiam
1645 5250 1806 5311 vestiamus,
1823 5262 1909 5318 quam

270 5330 388 5413 (Denter.
402 5334 502 5399 nunti).
529 5326 562 5381 m
585 5326 678 5385 blaviae
696 5349 702 5384 τ
720 5330 839 5385 Dimisso
866 5343 927 5387 runt
954 5344 1060 5401 peccota
1110 5346 1221 5408 propter
1234 5334 1371 5393 deiectum
1388 5336 1513 5393 vocabuli
1526 5336 1578 5393 sub
1593 5336 1648 5393 bac
1660 5337 1911 5395 circumlocutione

255 5408 365 5489 ‘nrultib
379 5420 504 5492 quoniam
524 5418 616 5474 dilexit
641 5421 751 5475 multum
768 5418 923 5495 (buc.·vn).'
940 5424 968 5499 ln
987 5424 1060 5482 desi·
1107 5424 1214 5501 placuit
1226 5428 1363 5499 explicare
1379 5448 1386 5483 ι
1403 5426 1457 5485 Pru
1467 5430 1555 5488 salute
1571 5430 1679 5498 aalma,
1692 5430 1731 5483 uel
1743 5428 1859 5499 lisquae
1870 5430 1909 5482 ud
1984 5427 1985 5452 ³

255 5510 347 5568 'derio
370 5512 462 5581 regni;
479 5508 544 5581 qula
571 5508 673 5568 frustra
706 5513 777 5585 petis
806 5514 829 5570 si
854 5530 909 5570 non
935 5518 1058 5587 appetis,
1110 5521 1323 5589 illamprodesrc
1343 5530 1462 5591 portans.
1483 5518 1528 5577 Sic
1551 5521 1624 5575 euim
1646 5520 1675 5575 iu
1691 5520 1837 5592 pruudssa
1854 5520 1913 5575 dil·
1984 5503 1985 5540 ³

269 5602 398 5672 quoniam
426 5597 539 5683 regnum
566 5601 699 5658 coelorum
730 5599 880 5665 fastidiosis
894 5616 921 5663 et
946 5596 1060 5681 ingratis
1111 5613 1233 5671 sublone
1257 5612 1378 5683 positum
1402 5619 1454 5669 est.
1475 5608 1512 5667 Ει
1525 5612 1676 5669 notandum
1690 5611 1764 5682 quod
1781 5611 1912 5667 circum·
1984 5635 1985 5640 ¹

256 5704 261 5779 J
271 5709 324 5749 non
340 5692 421 5750 datur‘
435 5696 518 5767 (sicul
532 5694 576 5750 bic
590 5696 749 5768 temporalia
771 5696 842 5753 bona
864 5715 924 5771 quae
939 5700 1061 5771 plerum·
1110 5703 1212 5761 locutio
1230 5703 1345 5760 duarum
1370 5704 1522 5778 pluriumve
1535 5703 1686 5761 dictionum
1700 5704 1795 5775 (quatu
1815 5700 1912 5763 cml
1984 5723 1985 5732 ¹

270 5804 321 5857 qno
337 5786 570 5858 coturnuploribus
595 5788 622 5843 el
644 5789 768 5860 superbis
788 5788 947 5849 lecuudiora
961 5807 1060 5867 prove·
1110 5795 1296 5869 amphilogiam
1323 5796 1427 5869 nocant)
1454 5796 1617 5867 quaudoque
1635 5795 1746 5867 punitur
1771 5811 1823 5871 pru
1848 5814 1913 5855 uno
