4000 6350
150 341 202 400 su
673 339 835 400 vusromu
852 315 1178 406 cananaeorum
1196 309 1292 406 crs
1726 348 1795 406 sae.

151 455 278 518 srrttando
292 463 398 512 tantum
424 455 465 512 eis
490 464 622 514 terrorem
649 459 832 525 incusserant,
854 467 885 518 ut
900 459 938 516 illi
953 464 976 522 Α
992 459 1069 519 Sient
1082 460 1157 520 enim
1177 462 1283 522 visione
1301 461 1471 537 ,mutuum
1496 455 1658 540 magnaram
1684 476 1790 524 ιω

149 549 185 606 de
199 547 338 606 monitans
353 546 412 604 suis
425 548 518 619 egredi
535 549 578 604 vix
594 549 737 618 auderent,
754 554 872 606 maxime
890 565 941 608 au·
990 552 1201 625 langenvinorcs
1211 555 1787 629 des'muentur,quetoadetoduminomno·

150 651 205 700 tom
235 649 348 714 propter
374 640 489 700 balistas
515 650 692 709 nostrorum,
725 659 842 716 quinum
871 659 940 700 usus
989 641 1776 722 tuscpupersotem,ettuaam,etstettesvudeetnp'›

149 742 256 807 quanto
270 741 314 790 est
327 732 416 812 rarior
427 732 498 802 apud
516 732 589 800 illus,
603 741 679 791 tamo
692 735 774 792 ctiam
790 737 940 793 terribilior
991 743 1033 792 ter
1042 739 1115 807 ejus,
1128 743 1157 792 et
1168 745 1267 804 mater,
1280 745 1310 794 et
1321 737 1422 798 iratres
1437 739 1565 798 ardedat
1571 739 1724 814 designati,
1737 741 1777 800 Ἰι

149 835 177 882 et
205 826 387 898 periculosior
412 825 573 882 aestimttnr.
599 823 710 884 interim
737 837 828 884 autem
851 831 939 886 nostri
991 843 1190 899 nonnunquam
1204 844 1254 901 per
1269 829 1378 886 inhnaas
1392 839 1538 902 mnoaeet
1555 832 1679 892 celebres
1699 831 1776 892 desi·

149 918 324 974 corrdrmatis
344 917 441 974 animis
455 916 489 972 ad
507 925 653 990 utrumque
668 920 756 990 parati
769 928 869 987 erant,
896 922 939 977 vel
989 927 1078 990 gnate
1092 920 1279 992 reperiuntur,
1304 921 1380 978 velut
1399 922 1429 978 in
1442 922 1551 980 risione
1563 922 1707 990 lisaielis,
1727 923 1778 980 ubi

152 1009 188 1066 ad
218 1009 409 1074 recedendum,
436 1009 460 1066 si
480 1025 510 1066 se
535 1010 650 1068 honesta
674 1021 701 1070 et
714 1012 788 1070 utilis
807 1014 939 1086 preberet
991 1027 1039 1082 per
1062 1013 1194 1082 quasdam
1218 1013 1323 1072 bestias
1349 1029 1435 1086 regua
1460 1016 1778 1088 potendesimaleginue

152 1104 274 1170 occasio,
287 1104 328 1159 vel
347 1105 380 1158 ad
396 1103 540 1161 credendos
554 1105 658 1170 hostes,
675 1113 702 1162 ct
717 1107 888 1166 subeundam
903 1109 939 1164 ab
989 1113 1208 1174 praemonstrata.
1234 1105 1408 1178 Quapropter
1430 1106 1563 1165 falluntur
1576 1109 1605 1166 hi
1617 1107 1667 1181 goi
1679 1116 1778 1180 putam

151 1194 194 1266 eis
216 1203 243 1251 ct
262 1194 382 1252 cumeis
405 1196 568 1261 mortem,sl
590 1196 938 1257 illidelateribussuisad
989 1209 1086 1251 eorum
1112 1212 1215 1266 nuese
1242 1197 1412 1256 dormientes
1441 1198 1535 1258 ridere
1547 1200 1776 1271 potentatibus

150 1286 308 1342 condictum
334 1288 468 1344 auderent
487 1304 642 1360 erumpere.
667 1289 735 1346 Nam
764 1290 799 1349 de
821 1293 937 1349 victoria
989 1301 1051 1344 ⁰⁵⁸0
1071 1288 1240 1356 distendens
1259 1290 1415 1348 5011011111
1438 1304 1510 1346 11111
1531 1306 1604 1358 ⁶⁸0⁰·
1621 1291 1775 1349 1111111111

148 1386 233 1434 tante
247 1377 432 1434 nrrrltitudinis
446 1377 604 1444 obtinenda,
621 1379 678 1436 sire
696 1379 938 1452 dccxpugnatlone
989 1393 1103 1450 prorsus
1115 1380 1144 1435 iu
1156 1397 1187 1438 se
1203 1381 1346 1438 continere
1356 1381 1529 1454 mysterium.

148 1469 227 1524 artus
239 1469 314 1522 rvvvllo
326 1469 367 1525 eis
389 1483 453 1540 spes
465 1473 572 1539 poterat
597 1467 849 1540 arridereproeo,
864 1468 937 1540 quod
1025 1469 1069 1528 to.
1089 1469 1431 1545 Visioigitorilla,guam
1447 1472 1577 1540 dicimus,
1597 1473 1665 1532 huie
1694 1481 1782 1531 trave

148 1561 194 1614 illa
212 1559 397 1616 munitissima
414 1567 491 1627 erat;
504 1559 612 1614 illorum
628 1567 718 1615 autem
732 1574 862 1614 nnnverus
874 1558 938 1614 iute-
989 1561 1188 1632 pulchritudini
1211 1571 1240 1622 et
1260 1563 1354 1636 glorie
1365 1565 1486 1623 ciuitatis
1508 1565 1584 1624 illius
1600 1565 1780 1624 oseam·

150 1651 297 1708 stimabilis
312 1652 436 1722 quotidie
452 1651 654 1710 succrescebat.
672 1650 725 1708 Sed
751 1657 854 1721 quanto
878 1657 937 1708 sto·
989 1657 1162 1724 prestitisse,
1185 1656 1345 1728 hujusmodi
1365 1654 1454 1716 ivisse
1470 1657 1775 1730 amarmeteuitvrz

148 1747 194 1803 dio
209 1757 303 1804 noster
317 1750 455 1804 exereitus
465 1748 577 1818 optabat
588 1747 733 1818 confligere
746 1755 774 1804 et
787 1745 857 1802 mori
872 1760 934 1802 eum
989 1743 1053 1801 Post
1067 1746 1142 1802 iilam
1155 1747 1291 1804 celebrem
1301 1745 1479 1806 donatiouem
1488 1764 1544 1820 gua
1563 1747 1774 1814 commanus,

148 1837 285 1904 hostibus,
300 1845 378 1894 tanto
393 1839 431 1893 illi
445 1837 617 1912 rciugiebant
629 1839 771 1896 victoriam
786 1839 821 1896 de
833 1837 937 1894 nostris
953 1820 974 1876 Β
989 1836 1146 1896 Graecorum
1163 1855 1196 1896 ac
1221 1837 1409 1896 Romanorum
1424 1839 1776 1912 supereminentissin

148 1923 214 1982 suis'
223 1925 359 1984 mortibus
374 1941 545 1998 comparare,
558 1927 683 1984 videntes
695 1927 752 1999 jam
764 1927 826 1984 illos
840 1927 868 1982 in
883 1923 939 1984 tet·
989 1933 1107 1991 sanitate
1119 1939 1148 1988 ct
1161 1929 1254 2004 iugata
1267 1931 1343 2005 lepra
1354 1931 1462 1990 coelesti
1471 1930 1617 1999 miraculo,
1633 1932 1776 1992 Christum

148 2033 180 2072 ra
202 2017 294 2073 hostili
317 2019 443 2074 laborare
467 2019 591 2090 penurie,
609 2035 640 2076 se
653 2027 744 2076 autem
759 2018 787 2076 in
812 2019 872 2076 loco
887 2034 939 2078 suo
988 2023 1113 2094 ejusdem
1128 2023 1226 2080 salutis
1251 2030 1403 2090 auctorem,
1422 2023 1558 2081 etbeatas
1569 2025 1711 2098 apostolos
1723 2021 1787 2080 Pe·-

149 2109 232 2168 bonis
244 2111 370 2166 omuibus
382 2109 532 2168 abundare.
988 2123 1061 2172 trum
1076 2124 1105 2174 et
1128 2115 1255 2182 Paulum,
1277 2116 1325 2188 qui
1348 2115 1439 2172 nuutii
1465 2114 1594 2181 ineram,
1619 2130 1728 2172 menon
1746 2120 1785 2170 etr

189 2200 234 2256 lli.
254 2199 421 2258 Consederat
435 2202 527 2274 itaque
553 2201 690 2259 exercitus
707 2215 801 2258 noster
816 2211 879 2260 anto
896 2221 939 2262 re·
988 2210 1160 2286 spirestrum
1175 2224 1286 2282 papam,
1300 2208 1347 2279 qui
1359 2208 1486 2265 minister
1500 2208 1654 2274 exstiterat,
1667 2207 1723 2262 imo
1732 2215 1785 2262 to-.

151 2294 226 2364 giam
253 2294 361 2360 urbem,
392 2301 421 2348 nt
435 2291 535 2350 dictum
549 2303 603 2359 est,
618 2295 667 2353 sed
681 2296 785 2368 absque
808 2297 861 2352 vulla
891 2315 939 2370 spe
989 2314 1046 2362 tam
1065 2302 1171 2360 Claristi
1193 2299 1345 2356 Ecclesiam
1366 2282 1494 2370 regaliter
1519 2298 1679 2365 bonoravit,
1703 2295 1784 2353 item.

150 2387 276 2458 ejusdem
293 2388 484 2460 expugnanda.
500 2387 635 2454 Quoniam
650 2386 710 2460 ipsa
724 2405 777 2444 non
792 2390 881 2446 solum
897 2391 939 2447 in·
987 2395 1187 2454 &esuritionis
1203 2393 1286 2464 regiae
1298 2391 1373 2448 sedis
1387 2391 1559 2462 dignitatem,
1575 2405 1657 2462 guam
1683 2387 1784 2444 Rerum·

151 2493 266 2556 numera
278 2477 378 2533 civium
404 2479 589 2544 multitudine,
605 2479 653 2538 sed
676 2490 703 2536 et
716 2481 796 2538 bonis
810 2482 938 2540 oumibus
989 2487 1133 2552 babuerat,
1151 2483 1323 2542 beatoPctro
1336 2482 1551 2553 derelinquens,
1575 2480 1707 2538 Graeciam
1728 2495 1781 2552 pe·

151 2569 323 2638 abundabat;
343 2576 370 2626 et
398 2577 475 2626 tanto
500 2572 604 2626 nruvritu
633 2571 775 2638 studio,ut
787 2588 937 2646 paucorum
989 2575 1043 2644 tiit,
1067 2583 1095 2632 et
1114 2574 1186 2630 lione
1209 2571 1328 2636 urbem,
1344 2586 1405 2642 qvae
1418 2578 1485 2625 tune
1499 2568 1652 2626 bisantium
1666 2565 1780 2624 diceba·⁴

149 2679 236 2718 nrarm
261 2669 350 2736 posset
366 2664 400 2720 ab
417 2663 568 2719 innumeris
584 2663 711 2722 hostibus
726 2663 874 2722 defensari.
892 2665 939 2722 Est
989 2679 1043 2733 tur,
1057 2683 1113 2740 prae
1136 2664 1243 2722 caveris
1272 2663 1401 2720 omnibus
1422 2659 1695 2732 habitandamelegit
1718 2656 1775 2730 (e),

148 2755 225 2810 cuim
238 2755 335 2810 civitas
355 2755 503 2827 triangula,
520 2763 550 2810 ut
562 2756 639 2811 aiunt
654 2756 701 2828 qui
713 2771 774 2812 eam
791 2756 936 2821 viderunt,
988 2760 1037 2818 ubi
1048 2760 1112 2816 dnm
1125 2765 1208 2816 nocta
1221 2754 1340 2830 quadam
1355 2755 1439 2827 regati
1455 2761 1541 2810 suram
1556 2751 1684 2810 purpureae
1700 2750 1778 2822 quie.

150 2845 256 2904 babens
268 2847 295 2902 in
310 2849 433 2918 quartum
450 2849 669 2922 lateremaunum
684 2848 812 2915 milliare,
826 2848 867 2905 vet
880 2862 939 2904 am·
990 2849 1313 2918 recommemorent
1326 2845 1562 2906 uttereautcutam
1578 2841 1611 2918 tt.
1625 2839 1776 2916 aniculam]

148 2937 234 3012 plius,
247 2957 282 2998 er
295 2956 327 2998 ea
340 2951 417 3014 parte
431 2956 483 3014 qva
501 2951 600 2998 terram
617 2942 737 3014 attingit,
750 2950 828 2998 vasto
842 2957 939 3016 aggere
990 2946 1137 3020 quamdam
1156 2943 1306 3016 longevum
1322 2939 1400 2998 valde
1419 2945 1447 2995 et
1471 2945 1619 3002 mortuam,
1640 2950 1724 3008 quam
1749 2941 1779 3016 et

149 3043 180 3091 et
194 3049 273 3091 muro
287 3033 445 3092 firmissimo
473 3033 619 3106 tripliciter
631 3037 744 3102 clausa;
773 3041 866 3092 turres
887 3033 937 3090 ha·
989 3041 1087 3098 matare
1111 3038 1249 3112 Sylvester
1263 3050 1348 3108 pape.
1364 3031 1411 3106 qul
1429 3039 1456 3088 et
1468 3045 1588 3101 presens
1612 3027 1710 3084 adesse
1737 3027 1779 3084 ri-

148 3127 221 3187 bens
234 3143 282 3201 per
292 3128 438 3184 circuitum
452 3127 495 3183 sui
507 3127 630 3185 excelsas
642 3134 670 3185 et
686 3127 781 3194 lactes,
805 3127 874 3185 adeo
886 3127 974 3221 sihic
991 3130 1118 3195 debatur,
1143 3128 1253 3185 dicebat
1270 3126 1305 3182 ab
1334 3139 1369 3181 eo
1395 3120 1550 3179 certissime
1577 3115 1776 3178 suscitandam.

148 3220 269 3277 inuicem
285 3220 463 3293 propinquas,
476 3227 505 3274 ut
519 3234 586 3291 puer
606 3219 745 3291 septennis
759 3216 793 3275 de
813 3236 868 3275 una
880 3226 938 3275 tur·
990 3222 1079 3293 Quam
1093 3236 1156 3277 oum
1167 3220 1240 3277 idem
1252 3219 1402 3291 imperator
1411 3214 1485 3271 lacta
1494 3212 1620 3273 oratione
1636 3211 1667 3267 io
1677 3210 1777 3283 jurem

148 3313 175 3367 ri
190 3312 225 3367 ad
239 3312 351 3367 alteram
374 3327 485 3383 pomum
511 3312 600 3367 valcat
621 3310 750 3383 jaculari.
765 3310 937 3367 structuram
989 3316 1081 3374 culam
1095 3311 1244 3388 qrvamdam
1259 3309 1472 3383 pulcherrimam
1488 3307 1662 3375 suscitasset,
1684 3312 1713 3363 et
1731 3304 1781 3363 illa

149 3413 243 3463 avvtem
269 3402 445 3459 edificiorum
464 3402 625 3475 incorpore
648 3404 829 3469 civitatis,iu
850 3404 939 3459 eccle·
989 3417 1066 3462 casto
1093 3417 1186 3461 amore
1210 3401 1270 3457 suis
1297 3399 1456 3471 aspectibus
1485 3396 1657 3470 placuisset,
1688 3393 1780 3453 induit

148 3494 202 3551 siis
232 3494 369 3558 videlicet,
393 3499 422 3549 et
449 3493 582 3557 turribus,
597 3500 624 3551 et
639 3492 766 3551 domibus
781 3499 937 3571 magnatum
989 3513 1049 3555 cana
1067 3496 1141 3569 regia
1163 3493 1316 3567 chlamyde,
1332 3501 1438 3548 etcum
1455 3489 1581 3547 diadema
1600 3504 1681 3547 suum
1696 3486 1781 3559 capih'

146 3585 196 3642 rix
220 3586 293 3641 ullus
321 3584 362 3639 vel
389 3581 546 3641 describere
567 3588 665 3655 potest,
691 3584 733 3639 vol
759 3582 871 3639 credere
892 3581 940 3639 de-
989 3590 1050 3659 ejus
1062 3585 1258 3662 impressisset,
1276 3593 1363 3639 mater
1386 3582 1446 3655 ejus
1460 3580 1564 3640 llelcna
1584 3580 1611 3638 ei
1627 3580 1719 3637 dicere
1738 3578 1781 3636 ui-

149 3676 302 3741 scribenti.
319 3676 373 3731 nisi
386 3676 432 3746 qut
453 3676 608 3733 saeculata
630 3674 682 3731 ide
702 3676 870 3747 cognoverit.
900 3674 940 3731 Ex
989 3681 1106 3739 debatur
1122 3699 1129 3734 :
1147 3676 1234 3747 darre,
1250 3676 1301 3748 pti,
1312 3674 1418 3730 latete
1434 3689 1543 3729 uxorem
1560 3688 1642 3745 usque
1660 3673 1688 3727 ιιι
1700 3670 1781 3741 suern

148 3782 184 3824 ea
202 3780 267 3822 vero
289 3772 367 3838 parte
380 3780 435 3836 qua
460 3762 548 3835 ipsam
569 3764 663 3821 urbem
689 3762 937 3837 alluitllellcspon·
990 3773 1082 3831 uaecuti
1111 3773 1140 3827 tu
1168 3769 1218 3825 trac
1235 3766 1430 3841 pulchritudine
1453 3780 1666 3835 permansurum.
1693 3761 1781 3830 ornan

148 3868 254 3923 iheum
281 3882 373 3933 mareu
400 3864 472 3937 quod
501 3870 610 3937 sellim!
634 3860 726 3919 Asiam
748 3859 782 3914 ab
806 3856 937 3929 Euroia,
991 3866 1125 3923 visionem
1145 3879 1207 3921 cum
1237 3863 1296 3933 ipse
1320 3858 1447 3934 pluribus
1472 3856 1624 3921 retulisset,
1651 3862 1678 3911 ct
1708 3853 1785 3913 alius

148 3958 316 4033 quibusdam
342 3958 370 4014 iu
398 3957 467 4014 loeis
490 3956 558 4013 adeo
587 3961 753 4025 angustum.
774 3956 803 4005 111
822 3949 857 4005 (¹0
886 3962 939 4003 u¹¹a
991 3956 1042 4021 sic,
1074 3950 1289 4019 aliusverosic,
1311 3965 1372 4006 eam
1402 3948 1652 4020 interpretaretur;
1680 3958 1782 4017 propo-

146 4048 180 4107 in
193 4050 308 4105 alteram
323 4048 491 4104 transmittat
514 4052 655 4119 aspectum
672 4060 680 4111 ;
706 4058 740 4098 er
752 4056 794 4107 ea,
815 4040 940 4111 inquam,
991 4045 1047 4101 suit
1061 4044 1119 4116 ipse
1134 4056 1214 4097 resa
1239 4040 1346 4113 jejvnio
1374 4054 1429 4093 non
1457 4051 1579 4101 cessare,
1595 4032 1684 4091 donee
1701 4029 1782 4087 Chri-

147 4152 229 4215 parte
244 4143 373 4214 quoniam
396 4155 477 4213 agger
491 4154 553 4196 csse
568 4153 624 4195 non
641 4135 740 4209 potuit,
752 4140 863 4207 propter
887 4129 941 4186 ire·
992 4146 1051 4193 stus
1066 4136 1090 4193 ci
1113 4151 1161 4210 per
1175 4133 1307 4189 larrrulum
1339 4145 1420 4188 suum
1437 4128 1607 4202 sylvestrum
1622 4126 1785 4199 interpreta-

140 4222 293 4309 lquen'tiam
306 4241 407 4305 portus,
415 4247 496 4305 quem
509 4228 590 4287 hahet
602 4228 769 4285 tutissimum
780 4240 812 4281 ac
820 4222 942 4279 celeber·
992 4228 1094 4285 utonem
1106 4242 1163 4283 sum
1176 4226 1290 4281 visionis
1307 4231 1467 4295 exponeret.
1495 4221 1563 4278 Cum
1588 4234 1654 4291 ergo
1679 4224 1784 4291 septem

149 4330 266 4395 rinvum,
280 4328 350 4383 muri
363 4335 430 4383 suut
451 4326 497 4382 alti
512 4324 679 4381 admirande
693 4320 899 4395 spissitudinis,
915 4326 942 4378 et
992 4320 1091 4377 diebus
1114 4318 1279 4389 jcjvmnssct,
1296 4317 1355 4389 ipsa
1370 4323 1452 4372 noete
1463 4312 1580 4385 septima
1602 4309 1731 4385 apparuit
1757 4309 1786 4366 ei

149 4433 245 4480 turres
267 4420 368 4487 deuse,
395 4420 500 4477 educe
515 4418 548 4473 ad
563 4426 666 4477 tautam
690 4414 892 4481 celsitudinem,
912 4418 942 4469 ut
992 4414 1089 4470 beatus
1105 4406 1242 4484 sylvester
1257 4410 1285 4464 in
1300 4407 1415 4473 visione,
1428 4405 1551 4475 dixitque
1566 4402 1601 4459 ad
1617 4418 1700 4459 erim:
1720 4398 1785 4457 Aria

148 4516 244 4591 quiris
260 4514 288 4569 iu
315 4513 424 4570 eulmen
448 4512 570 4585 ipsarum
583 4518 722 4583 aspectum
744 4506 863 4581 dirigere
878 4520 940 4577 per-
957 4513 980 4568 b
995 4504 1028 4581 [l.
1044 4504 1125 4579 anus]
1154 4505 1204 4559 illc
1228 4519 1308 4575 quarn
1338 4498 1439 4564 uidisti,
1468 4496 1786 4567 &circuieruntque

151 4608 307 4662 horrescat.
321 4602 398 4658 lianc
418 4608 508 4659 autern
528 4607 632 4656 tantam
647 4596 842 4653 firmitudinem
854 4601 881 4651 et
897 4594 945 4649 de·
991 4600 1052 4671 jum
1078 4597 1157 4671 quusi
1181 4594 1300 4667 rreglectu
1322 4602 1349 4651 et
1375 4591 1448 4648 renio
1475 4589 1613 4661 defunctu,
1640 4603 1682 4659 per
1712 4596 1736 4640 te
1757 4586 1787 4639 lo

152 4714 261 4766 eorem,
277 4713 358 4771 quem
372 4694 549 4760 nuncbabct,
566 4708 582 4748 a
597 4692 685 4765 prima
700 4690 806 4763 origine
821 4703 878 4744 uon
899 4700 946 4742 ae·
997 4701 1101 4747 tantem
1124 4688 1243 4745 decorem
1268 4682 1420 4741 renouando
1439 4692 1489 4749 eat,
1512 4692 1541 4737 ut
1564 4681 1656 4753 ceptae
1680 4674 1791 4738 dicotur

154 4793 242 4865 cepit.
255 4788 325 4845 Naar
336 4788 401 4845 oiim
414 4788 524 4861 quidem
539 4788 577 4843 ita
590 4792 660 4851 erat,
683 4784 756 4841 sicut
776 4795 946 4853 unaquaeque
997 4785 1066 4841 irater
1079 4799 1169 4838 omnes
1186 4778 1296 4835 Groeeie
1318 4778 1449 4834 ciuitates.
1463 4775 1523 4843 Qua
1541 4774 1647 4832 visione
1667 4788 1715 4829 rex
1730 4786 1790 4829 nott

155 4886 329 4949 aliarvrm„et
353 4880 448 4937 Graeco
475 4879 586 4935 nomine
615 4878 758 4940 bizantion
785 4874 944 4930 vocabatur.
998 4882 1053 4929 tam
1069 4867 1182 4927 territus
1197 4885 1278 4941 quam
1294 4868 1416 4940 gauisus,
1442 4864 1649 4923 convocatisde
1673 4870 1730 4921 tota
1746 4876 1789 4917 re·

155 4976 238 5035 Unde
255 4983 283 5033 et
293 4974 366 5047 apud
386 4972 533 5031 modernos
554 4970 659 5031 nuunui
681 4968 768 5035 aurei,
790 4968 837 5041 quvi
856 4966 943 5022 inilia
996 4965 1077 5038 gione
1087 4960 1231 5035 opificibus
1246 4968 1300 5014 ιιιιιι
1315 4958 1452 5031 lignorum
1468 4971 1550 5029 quam
1564 4955 1697 5027 lapidum,
1704 4952 1788 5024 iussit

151 5066 272 5127 formari
297 5072 508 5129 consueverant,
534 5078 550 5121 a
580 5064 689 5123 nomine
702 5062 789 5135 ipsivs
807 5060 885 5119 urbis
899 5058 945 5115 Bi·
998 5071 1059 5115 eam
1074 5063 1101 5111 et
1119 5052 1244 5123 anapliari
1268 5050 1347 5115 loeo,
1363 5057 1390 5107 et
1401 5050 1533 5107 murisac
1549 5043 1789 5103 torrihusemuni·

150 5161 240 5219 mun·
252 5160 434 5231 appellantur,
461 5156 560 5215 Postea
575 5171 640 5213 vcro
654 5153 797 5227 cujusdam
812 5152 894 5223 regiae
905 5150 946 5206 vi·
998 5146 1033 5211 ri,
1057 5143 1182 5202 ecclesiis
1200 5142 1362 5212 eaeterisque
1372 5138 1495 5199 aediliciis
1505 5138 1645 5203 exorrvari,
1660 5136 1748 5192 donee
1759 5134 1789 5191 in

152 5250 246 5309 sionis
258 5249 404 5306 occasione
419 5248 453 5305 de
469 5262 525 5320 qna
548 5246 639 5318 aliqua
662 5244 764 5301 dicturi
784 5258 880 5299 sumus
894 5282 902 5307 ,
918 5242 945 5297 in
997 5253 1058 5295 eam
1078 5250 1160 5309 qvvam
1188 5232 1366 5289 rrurrebabct
1391 5230 1604 5303 pulchritudinis
1626 5226 1789 5301 elegantiam

152 5359 221 5403 eum
246 5357 327 5414 quem
348 5357 423 5403 nnnc
443 5341 525 5397 hahet
544 5336 717 5413 splemlorem
735 5343 816 5407 atquc
839 5336 945 5407 magui·
995 5332 1190 5401 juvenescens,
1209 5326 1303 5382 hortum
1320 5325 1429 5392 siurilis,
1444 5332 1476 5380 ut
1495 5324 1591 5390 aiunt,
1615 5319 1788 5377 redderetur.

152 5438 296 5496 decutiam
318 5446 443 5513 promota
469 5441 523 5493 est.
545 5433 610 5501 Qrvae
624 5430 694 5489 visio
709 5431 774 5487 lieet
790 5429 881 5485 brevis
897 5428 947 5485 htv·
1001 5422 1078 5481 Unde
1091 5430 1119 5479 et
1133 5420 1193 5493 ipsa
1206 5418 1273 5475 urbs
1294 5416 1458 5490 quandoque
1484 5416 1570 5472 altera
1600 5410 1687 5467 homa
1715 5407 1791 5465 dicta

153 5530 288 5603 miliaque
315 5536 467 5601 appareat,
494 5541 599 5605 nravgnae
622 5532 713 5579 tamen
738 5522 881 5595 cvrjosdam
908 5523 947 5575 rei
998 5525 1054 5581 est,
1066 5521 1095 5571 et
1106 5523 1179 5570 terra
1191 5511 1215 5567 ei
1225 5508 1355 5580 adjacens
1367 5506 1505 5579 hodieque
1514 5500 1650 5560 Romania
1660 5501 1788 5553 vocatur.

153 5623 247 5680 lavisse
259 5622 452 5694 praenuntiam,
467 5618 580 5677 effeetus
604 5618 775 5689 subsequens
786 5614 945 5673 declaravit.
1001 5611 1035 5667 ht
1046 5627 1081 5667 ne
1101 5608 1159 5665 ulla
1176 5614 1360 5679 superessent
1373 5599 1491 5661 uestiuia
1509 5592 1655 5655 vetustatis
1670 5632 1679 5661 ,
1693 5600 1790 5667 reproe

195 5784 236 5859 (o)
257 5782 358 5845 Eadem
379 5784 461 5845 habet
481 5782 633 5840 hltbclmus
652 5778 687 5837 lle
707 5776 783 5837 terete
801 5776 941 5849 cirninum,
955 5775 972 5829 Ι.
988 5788 1006 5828 ι.
1024 5770 1127 5845 thess.)
