4000 6350
141 345 201 404 225
451 343 496 400 ΒΕ
514 343 631 414 ollas,
649 343 762 402 tutus.
782 343 826 400 ΕΤ
847 341 1064 414 umuss-
1081 343 1146 404 tta.
1165 342 1211 411 iii,
1225 341 1274 400 ΕΕ
1291 340 1470 400 amatoris
1727 345 1779 403 tit

144 460 220 520 Sim
231 459 292 529 psit
307 473 367 514 cero
381 455 568 528 sidonianis,
582 459 622 517 tit·
635 468 743 529 pereant
752 471 901 530 peccatores
917 477 933 514 o
948 466 971 524 Α
987 460 1159 525 relationem,
1174 467 1200 515 ιι
1213 459 1249 514 ob
1270 460 1322 515 boc
1342 457 1428 516 lntnrt
1443 467 1578 529 temporis
1592 459 1686 514 verius
1705 463 1780 516 aesti-

145 551 214 623 [acie
235 549 285 606 liei
297 548 387 617 (Psoi.
402 549 510 620 asuri).
525 547 564 604 lie
577 547 673 604 eodem
684 559 817 622 qrtantum
830 550 864 608 ad
879 551 935 622 gia·
986 549 1113 604 arandam
1126 565 1133 602 ι
1150 549 1310 620 diligentius
1334 549 1450 606 intuenti
1466 564 1521 604 non
1538 549 1592 605 erit
1607 549 1777 621 ambiguum.

140 645 228 709 ciem,
248 642 349 714 iegitur
363 641 391 698 in
408 641 480 698 libro
495 639 544 696 lilii
560 639 664 713 Syracu
678 661 685 697 ι
701 641 779 699 Sicut
792 643 892 714 glorier
905 645 935 700 in
985 639 1055 698 Cum
1071 640 1156 714 igitur
1169 639 1239 696 nibil
1253 640 1307 696 nisi
1322 641 1365 696 rol
1382 640 1507 696 luteorum
1531 640 1573 696 sel
1589 647 1719 710 lanariam
1734 640 1779 695 iu·

140 752 244 800 urano,
260 736 301 790 ito
320 734 455 790 scirentur
466 743 574 802 peccota
586 742 672 788 matrs
683 731 779 806 (Ειιιι.
793 735 847 804 ιιι).
861 733 934 790 ilici-
985 739 1078 786 turum
1095 729 1137 786 rel
1164 731 1293 802 imperari
1309 731 1398 786 ualeat
1416 731 1459 786 rel
1478 731 1568 796 orari,
1583 738 1694 787 constat
1711 731 1779 786 iliud

139 833 187 884 tur
198 837 289 884 autern
305 827 358 882 boe
367 826 468 884 bonum
482 824 718 896 preparatorium,
727 825 791 896 quia
805 841 853 897 per
866 826 933 884 illud
983 822 1086 880 bonum
1120 831 1230 878 artenm
1262 821 1513 894 praedestinationis
1545 823 1619 894 quoti
1649 824 1778 880 omnibus

140 918 177 975 ad
198 919 342 990 sequentia
362 930 556 989 praeparantur,
578 915 679 986 quibus
701 917 755 974 nisi
772 917 845 974 istud
865 934 933 990 prae-
982 911 1186 984 antiquiorest,
1198 913 1370 983 temporarie
1385 913 1502 968 orationi
1517 920 1778 978 nostrae,ettantum

141 1008 254 1067 rederet
270 1023 408 1079 nunquam
421 1021 546 1064 essemus
568 1007 671 1064 idonci.
687 1007 933 1081 Quaerpuidetnap-
982 1005 1017 1060 ad
1039 1005 1162 1062 luterum
1193 1006 1357 1077 pertinenti,
1382 1005 1528 1074 subjacere
1549 1021 1604 1060 non
1626 1021 1726 1076 posse:
1742 1007 1778 1061 ob

141 1102 256 1174 petrano
276 1101 340 1156 neos
354 1099 418 1156 note
433 1098 521 1170 primo
534 1100 683 1172 spectatior
702 1101 858 1168 conveniat,
873 1103 933 1160 cut·
954 1122 959 1131 ·
983 1109 1066 1166 ιιι
1079 1095 1298 1161 stanconam,
1311 1103 1341 1150 n
1355 1093 1598 1163 dissiluissent
1611 1095 1777 1166 oprentssa

142 1193 209 1250 libet
232 1201 321 1248 tamon
340 1199 520 1264 praeterquam
547 1191 642 1248 ultimo
664 1207 719 1248 non
734 1191 852 1250 absurde
866 1207 933 1252 eon.
982 1185 1118 1242 diuisione
1135 1184 1309 1242 seclusimus.
1325 1183 1433 1242 Dicitur
1445 1193 1538 1241 auteur
1552 1186 1654 1242 bonurn
1670 1202 1777 1258 prepa-

141 1299 240 1356 gruere
253 1292 354 1353 potest,
368 1282 434 1354 quia
448 1282 633 1356 spiritualium
644 1284 794 1356 gratiarum
809 1283 854 1342 bie
865 1283 932 1342 ordo
982 1275 1115 1330 'amrium
1137 1276 1261 1333 munium
1284 1275 1418 1344 aliorum,
1438 1276 1504 1349 (luis
1522 1278 1613 1349 primo
1640 1289 1777 1350 preparat

137 1383 196 1436 est,
212 1383 241 1430 ιι
256 1389 366 1446 semper
388 1377 464 1447 prior
483 1381 617 1446 praeparet
631 1373 666 1429 ιι
682 1383 852 1446 sequentem,
866 1374 932 1432 dnm
982 1382 1034 1423 uos
1054 1365 1089 1422 ad
1109 1367 1243 1439 gratiam,
1266 1365 1388 1424 secundo
1403 1366 1438 1422 ad
1460 1365 1613 1438 justitiam,
1638 1370 1720 1424 tertio
1741 1369 1775 1424 ad

137 1467 227 1539 primo
249 1465 335 1536 gratis
352 1457 476 1536 ‘gr-attam
506 1465 673 1536 accipimus,
697 1464 796 1522 deinde
815 1467 932 1537 gratiora
981 1458 1126 1525 melfium,
1143 1467 1242 1530 ‘illarii’
1256 1458 1291 1514 td
1308 1458 1460 1531 bremium·
1483 1457 1524 1514 Μ
1542 1459 1656 1531 stallum
1670 1459 1775 1530 attede·

135 1552 640 1628 praesanctionis.1),prolcientes
655 1553 688 1612 de
701 1555 797 1612 virtute
809 1557 932 1612 tortrto-
982 1549 1110 1606 sttnsndo
1127 1549 1280 1606 secundun
1300 1549 1394 1622 gratie
1420 1549 1597 1613 electionem.
1621 1551 1685 1622 quta
1705 1568 1775 1623 pre·

137 1658 208 1714 rem,
226 1646 308 1702 anm
329 1645 451 1702 uideatur
472 1644 543 1702 lim
563 1645 673 1702 denum
694 1645 722 1702 tn
746 1645 811 1702 sinn
832 1647 929 1720 (psat,
981 1639 1129 1698 destinatio
1144 1656 1199 1696 non
1222 1649 1266 1698 est
1289 1641 1364 1698 aliud
1383 1657 1465 1713 quam
1488 1643 1583 1715 gratim
1597 1646 1773 1716 preparatio.

135 1737 266 1810 esuum).
282 1734 418 1794 liemissio
430 1752 549 1809 namque
563 1746 736 1809 peccatorum
751 1747 884 1812 preparat
895 1739 929 1798 ad
981 1730 1022 1787 tid
1044 1731 1179 1804 iutiliifflll
1202 1741 1315 1805 petetis
1329 1733 1517 1799 remittendo,
1540 1750 1589 1806 ber
1601 1737 1694 1793 sordis
1707 1753 1775 1793 tutt-

81 1897 85 1904 1
133 1827 289 1898 justitiam,
310 1827 419 1897 justitia
443 1843 477 1884 ex
489 1828 581 1884 radice
595 1827 739 1886 charitatis
754 1829 825 1902 parit
840 1827 927 1886 uirtu-
946 1805 1141 1880 Btritionem:
1158 1825 1260 1895 gruibus
1272 1824 1417 1892 remissis,
1432 1824 1525 1882 statim
1541 1827 1620 1884 adest
1636 1827 1774 1897 justifica·

133 1920 306 1974 temrvirtus
319 1925 411 1975 movet
424 1917 459 1974 ad
474 1918 572 1978 bonam
585 1919 789 1990 operationem:
804 1919 928 1991 operatio
979 1915 1028 1972 tio.
1055 1915 1097 1970 Ad
1122 1918 1250 1972 meritum
1276 1917 1395 1972 uirtutes
1420 1918 1576 1989 generando
1600 1935 1650 1990 per
1673 1920 1772 1976 bonam

132 2005 206 2062 bona
225 2007 339 2078 percipit
363 2017 474 2064 aterum
494 2008 556 2064 ritae
584 2007 804 2066 retributionem.
823 2008 928 2066 liorum
978 2006 1271 2080 rncntisqualitatcm,
1289 2006 1424 2079 sineque
1448 2024 1590 2080 nunquam
1612 2011 1646 2067 ad
1669 2029 1773 2070 meren·
1843 1993 1847 2002 ¹

134 2099 220 2172 igitur
235 2099 386 2164 bonorum,
411 2107 442 2154 ut
460 2097 600 2166 diximus,
615 2099 686 2158 ordo
709 2101 773 2157 talis
788 2109 830 2158 est
845 2113 928 2174 atque
978 2095 1044 2152 dum
1057 2112 1182 2154 essemus
1198 2097 1299 2155 idonei·
1322 2095 1365 2153 Ad
1383 2101 1525 2170 praemium
1540 2103 1706 2171 pelliciendo
1723 2119 1773 2176 per

135 2194 313 2262 progressio,
329 2203 358 2248 nt
372 2189 528 2262 praecedens
542 2191 704 2248 naturaiiter
717 2207 801 2249 eausa
822 2191 851 2247 la
865 2193 929 2250 sub·
977 2183 1076 2240 bollini
1092 2185 1301 2258 liberationem,
1326 2188 1388 2245 ⁸³⁰0
1414 2204 1467 2260 (ιιι
1481 2191 1642 2248 alternitatis
1659 2197 1772 2262 ommia

135 2285 303 2358 soporantis:
321 2285 488 2356 subsequens
503 2299 568 2340 uero
584 2283 764 2356 precedentis
775 2285 896 2344 allectus.
973 2275 1162 2346 judicimus
1177 2277 1293 2350 hillini·
1318 2277 1357 2335 ⁰0
1377 2280 1467 2351 prima
1490 2283 1691 2353 imiimfifflle
1710 2301 1772 2357 (lim

394 2373 593 2433 csllltllllll
613 2373 658 2434 ιιι.
975 2375 1018 2423 ιιι
1034 2365 1069 2420 ad
1089 2367 1217 2438 gratiam,
1232 2368 1299 2424 dicit
1314 2367 1400 2426 isaias
1416 2391 1422 2425 :
1440 2370 1541 2427 Oculus
1562 2389 1615 2429 non
1630 2375 1706 2444 aldit,
1724 2394 1771 2433 nec

170 2465 220 2522 Est
245 2475 335 2522 autem
359 2465 433 2522 eliud
448 2465 586 2537 qrroddam
602 2465 827 2538 praeparatorium
850 2465 924 2537 quod
975 2462 1050 2516 ouria
1071 2461 1190 2528 audivit,
1220 2480 1267 2518 nec
1298 2465 1327 2520 in
1347 2481 1393 2519 cor
1416 2465 1529 2524 imminit
1551 2474 1687 2538 ascendit,
1711 2491 1771 2546 pun

130 2569 160 2615 et
174 2558 428 2631 praeordinatorium
440 2557 494 2616 diei
508 2566 614 2630 potest:
632 2565 709 2612 tanto
726 2557 865 2630 antiquius
880 2559 923 2616 bis
972 2551 1134 2620 l’iss’t’sslatlt'
1157 2551 1228 2607 Dect
1256 2552 1427 2624 diligentibus
1448 2565 1473 2612 te
1497 2555 1579 2630 (iso.
1608 2563 1702 2634 sarr).
1732 2563 1771 2621 lle

130 2649 229 2707 ordine
243 2658 271 2706 et
280 2649 423 2722 dignitate,
434 2658 538 2722 tpuanto
552 2649 614 2707 lons
626 2650 722 2706 riualis
743 2649 801 2707 snio
815 2649 923 2725 dignior
973 2645 1095 2704 secrrnda
1112 2661 1173 2716 ιμιι
1191 2653 1234 2702 ιιι
1255 2647 1288 2701 ad
1309 2647 1463 2717 justitiam,
1491 2651 1591 2723 iegitur
1605 2654 1632 2708 in
1648 2655 1768 2725 qrrodmn

129 2752 215 2814 atque
238 2741 535 2812 praenetensium
550 2741 678 2798 videlicet
693 2739 920 2820 predestinatus,
973 2735 1057 2792 ioco:
1077 2735 1100 2790 t
1121 2735 1236 2792 Doorino
1264 2748 1434 2808 properator
1461 2757 1507 2794 ror
1530 2740 1655 2800 dominiis.
1681 2745 1714 2800 Ει
1739 2746 1768 2802 in

129 2849 193 2906 (μη
207 2833 380 2891 nosaeeemis
403 2832 494 2898 bonis,
510 2841 537 2890 ρι
557 2833 637 2890 noble
650 2841 752 2890 aeoeffla
767 2833 838 2891 bona
852 2851 922 2906 pm.
971 2823 1083 2882 Psalmo
1101 2845 1108 2882 :
1128 2824 1332 2896 Properabitar·
1355 2831 1454 2884 sertem
1481 2842 1528 2888 tuo
1553 2834 1581 2888 io
1609 2836 1647 2890 etr
1673 2834 1766 2908 (Psoi.

128 2933 210 2998 parat
229 2941 261 2980 ee
276 2923 459 2996 praeordinet,
480 2923 562 2980 idest
577 2925 660 2981 vitem
672 2932 802 2983 secernam
817 2943 825 2980 ς
839 2936 867 2983 ee
879 2927 922 2984 ῑῃ.
972 2916 1119 2991 ussxrrn),
1134 2917 1162 2973 id
1184 2925 1227 2974 est
1247 2917 1355 2988 justitia
1370 2936 1419 2990 per
1431 2920 1511 2977 irticm
1526 2923 1554 2978 in
1568 2927 1710 2996 apostolis.
1730 2926 1768 2985 lie

128 3033 212 3088 super
229 3016 392 3088 temporalia
409 3016 509 3087 quibus
533 3015 607 3070 iiiam
622 3016 752 3091 adispisci
768 3019 918 3088 sulcamus,
972 3009 1053 3066 tertia
1068 3023 1130 3081 ιιι
1142 3018 1186 3066 ιιι
1200 3007 1234 3064 ad
1246 3010 1374 3065 metitum
1388 3011 1525 3082 gaudebat
1542 3013 1688 3074 Psalmista
1702 3033 1765 3074 cnm

52 3178 56 3185 Ι
127 3125 161 3166 ea
172 3108 278 3166 scilicet
294 3117 355 3181 quse
368 3115 489 3181 quatuor
501 3107 614 3179 reliquis
629 3112 783 3183 specierum
800 3110 920 3174 gmbu.
971 3101 1079 3158 dlccret
1095 3117 1102 3154 ε
1120 3099 1238 3157 Paratus
1252 3118 1311 3156 asor
1328 3111 1354 3157 st
1378 3119 1430 3158 non
1447 3120 1507 3158 anm
1524 3105 1661 3176 turbatus,
1676 3119 1705 3162 ot
1718 3126 1765 3163 cs·

127 3194 164 3259 lis
178 3202 367 3275 designantur.
389 3198 468 3271 Quod
488 3198 549 3257 ideo
575 3199 610 3255 ab
624 3199 676 3256 bae
691 3202 860 3261 exclusimus
874 3205 919 3261 ιι.
970 3194 1087 3249 stodiam
1102 3194 1231 3249 mandata
1249 3201 1295 3248 tuo
1309 3191 1399 3265 (Psoi.
1413 3196 1521 3269 exuror).
1539 3196 1577 3253 lie
1591 3198 1687 3255 ultima
1704 3216 1765 3272 qum

127 3292 252 3357 visione,
271 3290 402 3363 quoniam
426 3288 562 3345 orationis
577 3286 690 3345 effectus
705 3289 739 3345 de
760 3304 814 3363 qua
839 3290 919 3351 nobis
969 3294 1013 3343 est
1034 3286 1070 3343 ad
1090 3286 1251 3359 premium,
1266 3285 1370 3342 dictum
1391 3293 1435 3343 est
1449 3286 1518 3343 illud
1541 3288 1570 3345 in
1592 3288 1762 3363 Evangelio·

129 3398 211 3454 agere
232 3382 403 3455 propositum
434 3386 476 3436 est
494 3394 603 3450 semper
625 3378 725 3451 pendet
748 3380 783 3438 de
807 3378 917 3452 iuturo;
974 3378 1220 3453 Venitrpooamet
1235 3396 1294 3453 osc
1315 3389 1419 3451 parator
1434 3390 1510 3436 eram
1525 3382 1689 3438 intrauerunt
1703 3401 1762 3439 cum

127 3474 227 3530 dirinae
250 3480 342 3529 autem
367 3471 616 3545 predestinationis
641 3471 727 3540 ordo,
756 3472 791 3529 ab
816 3478 919 3529 aterno
968 3490 998 3529 eo
1014 3472 1050 3528 sd
1064 3474 1172 3545 nuptias
1183 3470 1294 3545 (licitis.
1311 3478 1422 3546 mitt).
1433 3472 1467 3529 Ει
1479 3475 1567 3545 prima
1582 3475 1693 3547 quidem
1702 3494 1764 3549 qua
1798 3534 1804 3546 ,

127 3564 283 3621 certissime
297 3562 424 3637 prelixus
435 3572 489 3629 est,
501 3578 552 3619 nee
567 3562 623 3619 ulia
638 3562 710 3619 valet
723 3564 830 3621 ratione
845 3564 919 3621 labe·
968 3574 1011 3623 est
1021 3564 1172 3624 secundum
1186 3565 1349 3622 electionem
1360 3565 1395 3622 ab
1406 3573 1510 3622 eterno
1527 3556 1664 3639 'compieta
1680 3577 1763 3643 atquae

127 3652 238 3712 iactari.
250 3652 336 3711 Nemo
349 3654 442 3727 itaque
462 3654 531 3725 petil
554 3660 585 3709 ut
599 3669 661 3711 curn
683 3652 755 3711 licus
776 3654 918 3727 praedesti·
967 3663 1159 3715 consummata
1174 3662 1227 3722 est,
1243 3663 1391 3727 antequam
1405 3664 1480 3713 essct
1494 3658 1542 3713 cui
1564 3660 1668 3733 aliquid
1689 3676 1761 3733 prm-

126 3756 184 3814 net,
198 3757 247 3803 aut
263 3746 508 3819 praedestinaverit,
534 3746 660 3817 quamuis
683 3746 749 3801 illud
765 3746 838 3819 quod
861 3763 917 3805 nan
967 3749 1058 3823 parari
1070 3754 1118 3803 aut
1127 3747 1316 3819 predestinati
1331 3753 1435 3818 posset,
1450 3748 1523 3805 sicut
1537 3748 1577 3803 ait
1589 3749 1758 3821 Apostolus:

127 3840 183 3898 nisi
210 3840 411 3913 praedestinatis
427 3840 587 3911 contingere
610 3847 701 3911 potest
730 3839 756 3895 id
774 3850 817 3896 est
833 3840 916 3895 vitam
968 3841 1021 3908 Qui
1043 3839 1120 3913 elegit
1154 3855 1201 3894 roos
1226 3848 1287 3893 orote
1325 3838 1418 3893 mundi
1447 3840 1680 3907 constitutionem,
1704 3852 1758 3902 otc.

125 3939 257 3989 artemam
270 3940 365 4003 optent
378 3947 474 3989 omines
494 3939 522 3987 ct
546 3930 695 4001 postulent.
712 3926 800 3985 Verba
830 3930 918 4003 siqui·
966 3932 1075 4005 (Epire.
1094 3932 1124 4004 t).
1142 3930 1263 4003 lleliquae
1276 3946 1341 3987 vero
1358 3939 1414 3987 tres
1436 3930 1464 3987 in
1483 3932 1565 3989 nobis
1586 3934 1697 4005 quidem
1710 3936 1758 4006 orti

125 4024 188 4081 dem
199 4024 361 4095 imperativa
373 4023 474 4094 quibus
497 4030 626 4093 tanlquam
638 4021 818 4093 deprecativis
831 4038 915 4079 oran·
965 4022 1082 4095 tempori
1108 4022 1283 4093 subjacemus
1308 4022 1495 4093 temporaliter
1523 4024 1669 4092 eueniunt3
1709 4026 1758 4082 sed

125 4124 168 4172 tes
192 4116 312 4181 utimur,
334 4130 443 4187 semper
462 4112 497 4169 ad
513 4113 633 4169 laturum
649 4110 788 4183 pertinere
803 4128 916 4171 necesse
965 4124 1057 4171 tamen
1080 4114 1115 4171 ab
1134 4114 1181 4169 illa
1204 4120 1308 4170 aeterna
1341 4106 1582 4185 predestinatione
1602 4100 1757 4173 certissima

123 4216 186 4276 cst;
210 4207 269 4264 aire
293 4204 431 4277 illudJ'am
446 4204 531 4276 coepit
548 4204 625 4268 lteri,
650 4211 678 4259 et
692 4210 722 4259 ut
746 4202 851 4261 diutius
869 4202 915 4260 ilat
963 4206 1071 4263 ordinis
1096 4205 1204 4263 ratione
1229 4202 1411 4261 descendunt.
1437 4204 1579 4277 Siquidem
1609 4216 1756 4280 antequam

123 4298 287 4369 imperatum
296 4305 326 4353 ut
339 4298 362 4355 si
375 4313 459 4368 puero
467 4296 524 4368 jam
540 4296 639 4368 legenti
650 4294 738 4360 dieas,
749 4296 818 4368 lege,
831 4296 857 4351 lsi
871 4303 914 4353 est
962 4304 1036 4353 esset
1049 4295 1132 4352 bomo
1146 4294 1191 4350 cui
1208 4294 1252 4350 vei
1266 4302 1409 4366 pestutum
1426 4294 1543 4361 remitti,
1556 4294 1606 4352 ιιι
1613 4297 1703 4355 virtus
1717 4300 1755 4355 in·

122 4402 269 4459 persevera
293 4388 322 4445 in
342 4388 470 4460 legendo:
486 4388 543 4445 sire
571 4386 691 4441 nondum
714 4387 762 4452 lit,
785 4387 832 4443 sed
848 4402 911 4445 mox
963 4386 1057 4453 lundi,
1072 4388 1114 4444 rel
1135 4386 1236 4443 botrum
1261 4401 1331 4457 opus
1352 4384 1471 4442 conlerri
1494 4397 1606 4459 posset;
1638 4388 1677 4444 ita
1701 4388 1757 4446 [leo

123 4480 182 4535 ieri
195 4478 326 4551 iubetur,
343 4489 372 4535 ut
386 4479 409 4537 si
422 4494 592 4551 seruoquem
606 4477 739 4534 mittisita
755 4478 912 4549 precipias,
930 4492 952 4547 p
966 4480 1168 4552 preordinante
1186 4476 1323 4550 digestum
1341 4490 1404 4545 est,
1428 4486 1459 4533 ιι
1473 4479 1556 4555 borno
1568 4488 1663 4551 postea
1679 4481 1752 4538 lutu-

124 4570 218 4625 statim
231 4568 366 4639 rodestoc
382 4580 443 4641 post
456 4568 565 4641 alonna
580 4568 709 4640 temporis
722 4568 910 4637 interstitium,
963 4587 1012 4630 rus
1029 4572 1082 4627 ιιι
1103 4571 1201 4627 ordine
1221 4569 1321 4626 diuina
1342 4570 1437 4642 gratim
1460 4570 1601 4627 beneilciis
1616 4578 1698 4628 utens
1720 4574 1755 4629 ad

123 4673 154 4715 ut
170 4661 194 4715 si
208 4659 323 4728 dixeris,
339 4675 402 4718 cras
416 4660 513 4717 redito.
524 4658 595 4717 Sunt
606 4667 698 4717 tamen
714 4661 786 4733 apud
800 4646 912 4718 Grecos
962 4671 1142 4736 preparatam
1158 4662 1209 4719 sliri
1225 4662 1423 4719 beatitudinem
1439 4664 1605 4736 perueniret.
1630 4662 1753 4721 Primum

121 4752 242 4809 audaces
256 4758 284 4808 et
302 4752 443 4824 copiosos,
460 4764 558 4807 vocum
572 4752 745 4817 torneatores,
757 4752 841 4811 rerba
860 4752 912 4808 im·
962 4753 1045 4825 igitur
1067 4760 1094 4808 et
1118 4766 1255 4807 summum
1279 4753 1404 4807 cranium
1424 4752 1559 4808 bonorum
1576 4760 1635 4818 est,
1654 4753 1755 4809 diuinae

121 4842 244 4913 peratiua
267 4843 398 4911 temporis
429 4842 556 4914 preteriti
580 4858 587 4896 :
611 4858 673 4898 eum
701 4844 804 4923 aliquid
837 4842 910 4916 quod
960 4844 1093 4901 bonitatis
1113 4844 1226 4909 eiectio,
1248 4859 1298 4915 por
1317 4851 1449 4903 aeternam
1463 4844 1752 4917 praedestinationem

118 4933 244 4991 nondum
256 4942 299 4991 est
314 4934 372 4991 lieri
389 4934 512 5005 iubetur,
529 4942 559 4991 ιι
576 4936 700 5007 sentienti
717 4945 839 5009 tempore
850 4952 911 5007 pos·
961 4936 1114 4993 secundum
1129 4943 1171 4992 est
1182 4944 1357 5007 peccatorum
1370 4935 1507 5003 remissio,
1521 4950 1570 5008 per
1583 4939 1676 4994 cordis
1686 4954 1753 4994 eon-

120 5022 160 5081 sit
180 5038 243 5081 esse
256 5024 439 5097 praeteritunm
458 5033 488 5079 ut
502 5025 525 5081 si
540 5024 621 5081 dumo
633 5026 789 5097 digrediens
804 5028 843 5083 ita
862 5028 910 5083 irn-
961 5018 1121 5095 tritionern;
1148 5028 1259 5083 tertium
1278 5027 1452 5095 justiiieatio,
1467 5042 1518 5099 per
1532 5029 1630 5085 animae
1643 5029 1751 5101 purita-

119 5130 202 5187 peres
221 5131 300 5173 seruo
316 5123 364 5172 tuo
382 5136 389 5171 ι
406 5114 533 5173 Crastino
556 5116 598 5173 iiia
614 5133 673 5171 curn
693 5116 794 5173 rediero
818 5128 909 5187 operta
960 5122 1014 5173 iem
1030 5135 1038 5183 ;
1052 5122 1181 5187 quartum
1197 5116 1306 5173 vinulis
1320 5116 1441 5188 adeptio,
1462 5132 1513 5189 per
1535 5116 1635 5173 bonam
1651 5119 1751 5175 mentis

119 5206 231 5262 sitmiii
250 5208 345 5277 janua.
371 5205 400 5262 ln
414 5208 467 5264 ιιι
486 5208 558 5265 enim
576 5208 715 5291 insertione
729 5208 800 5265 idern
821 5208 909 5266 Greci
959 5205 1151 5270 allectionem
1175 5205 1303 5278 quintum
1327 5206 1442 5278 justitia
1463 5208 1677 5273 consummatio,
1702 5223 1752 5279 per

117 5300 168 5370 ιιι
183 5300 251 5354 nibil
266 5300 317 5357 sibi
334 5301 360 5355 in
383 5301 559 5373 grammatica
574 5302 671 5358 deesse
684 5304 844 5373 patiuntur.-
860 5318 909 5376 pro
958 5298 1023 5355 boni
1039 5297 1132 5369 operis
1144 5298 1351 5355 exhibitionem.
1368 5295 1510 5363 Ultimum,
1528 5306 1638 5356 aeterum
1661 5299 1749 5355 beati-

118 5384 277 5442 bisdnabns
286 5388 400 5446 vocibus
409 5398 502 5463 aperta
509 5389 588 5453 etsit,
601 5406 683 5446 unam
695 5392 909 5448 tantumlmbent
958 5390 1064 5447 tudinis
1079 5392 1228 5463 perceptio,
1245 5407 1295 5463 por
1304 5389 1407 5460 justam
1420 5392 1642 5450 retributionem.

116 5491 216 5531 rocem
234 5476 441 5549 imperatirarn3
459 5497 541 5552 quam
556 5496 607 5554 pro
623 5482 743 5554 eoquod
759 5498 815 5539 rem
830 5482 908 5554 jubet
1217 5478 1421 5537 cnrtlultllt
1438 5480 1483 5539 tt.

114 5562 147 5622 in
162 5563 254 5620 loturo
268 5564 327 5624 lore
342 5570 519 5639 praeteritam,
532 5570 665 5643 preteriti
690 5572 906 5643 temporisesse,
992 5572 1031 5627 Er
1055 5574 1108 5628 bac
1135 5572 1219 5645 igitur
1249 5573 1427 5630 distinctione
1453 5572 1527 5644 jam,
1561 5572 1589 5626 ni
1617 5570 1698 5625 lailor
1719 5580 1748 5626 et

113 5654 161 5711 rel
177 5654 307 5713 audacter
331 5658 511 5727 confirmant,
538 5662 581 5718 rel
607 5664 743 5721 subtiliter
768 5666 907 5721 mentiun-
959 5664 1025 5720 illud
1054 5666 1190 5733 innotuit,
1230 5669 1294 5738 qtria
1322 5666 1425 5722 bonum
1458 5662 1600 5735 quodlibet
1625 5672 1671 5718 aut
1704 5670 1748 5719 cst

112 5753 175 5804 tur.
192 5746 257 5814 Qua
270 5744 367 5808 tamen
378 5751 460 5809 rerba
486 5754 519 5809 ad
543 5754 665 5813 loturum
682 5764 790 5829 ternpus
805 5758 905 5818 babere
962 5758 1190 5828 preparatorium
1214 5764 1241 5813 ct
1260 5772 1313 5814 non
1336 5760 1529 5827 praeparatum,
1545 5761 1592 5810 aut
1607 5768 1747 5826 prepara·
