4000 6350
152 319 210 378 tis
688 295 853 366 tristanti
871 297 1036 373 CAPTAEb
1050 297 1190 361 mutuis
1206 297 1262 359 GP.
1738 294 1794 354 ato

155 436 226 509 ipsis
248 431 320 488 ultro
344 423 540 500 parcentibus,
562 424 662 496 quippe
682 424 730 497 qui
749 439 765 480 a
792 423 859 481 viris
882 421 948 480 rell-
966 423 989 483 Α
1004 419 1193 492 sepulturam,
1206 416 1281 492 quod
1295 431 1358 474 curo
1371 412 1476 474 Grecis
1493 426 1625 488 magnum
1641 409 1793 479 rideretur,

155 525 241 600 glosis
255 537 350 582 secum
372 519 523 578 incastris
545 515 706 589 agentibus,
731 513 850 571 liastino
872 511 949 570 ride·
1000 507 1090 562 nostri
1110 520 1162 580 pre
1180 506 1269 562 nihile
1285 503 1461 578 reputabant.
1481 500 1524 560 lbi
1545 502 1581 562 de
1594 509 1654 560 teta
1667 501 1794 560 circem·

154 619 220 676 licet
234 623 262 674 et
276 613 357 682 aliis,
372 613 535 685 frequenter
549 615 628 666 erant
648 607 799 674 admoniti,
814 614 948 680 quantum
999 597 1091 670 posita
1113 597 1227 668 regione
1245 597 1396 669 plurimam
1414 595 1539 667 pecunie
1557 593 1711 666 repositam
1732 608 1794 652 ser·

153 709 213 766 ieri
233 717 344 780 posset,
366 719 466 760 manus
487 715 553 758 suas
575 715 590 756 a
611 699 744 771 sanguine
763 697 946 754 continerent.
998 689 1126 755 sabatur,
1141 703 1194 746 neo
1207 703 1263 746 non
1278 696 1307 745 et
1319 688 1445 759 reliquias
1455 687 1600 758 μιιιιιιι,
1613 699 1686 757 quas
1700 683 1737 741 de
1750 683 1795 741 ri·

152 797 323 858 Ceciderunt
337 803 428 852 tanren
444 793 490 849 illa
506 791 551 848 die
564 792 665 848 eirlurn
680 790 762 864 quasi
775 788 947 856 duomilia,
998 781 1071 838 cinis
1089 780 1218 838 ecelesiis
1233 788 1316 853 atoue
1328 779 1466 836 coenobiis
1482 777 1519 835 ad
1535 793 1599 837 ιιιιι
1617 777 1710 834 Ιιιιιι
1727 791 1794 850 spes
1913 832 1921 843 ,

153 906 213 949 ιιι
235 890 331 962 utique
353 901 369 943 a
388 883 510 950 nostris,
534 882 583 940 sed
598 897 614 938 a
628 881 794 954 quibusdam
814 879 947 945 Francis,
998 889 1070 931 rana
1091 875 1253 932 securitatis
1271 872 1377 930 iecerat
1406 874 1587 944 congregari,
1606 866 1682 945 quod
1707 874 1792 929 eden

155 981 252 1049 italis,
272 979 403 1044 Venetis,
417 973 599 1040 Teutonleis,
615 980 643 1029 et
663 973 780 1029 aliarum
802 971 948 1028 nationum
995 963 1792 1036 nosrnsanteurutsexprgrrauosenabaisqassttrsei

155 1071 330 1138 horninibus,
349 1067 395 1140 oui
412 1063 490 1138 prius
503 1077 566 1120 cum
589 1063 631 1119 eis
651 1061 680 1116 in
697 1060 758 1132 ipsa
779 1059 848 1116 urbe
867 1057 949 1114 babi-
997 1058 1162 1130 expulerant
1175 1057 1266 1114 iuerat
1279 1056 1451 1113 intissatrrnr.
1466 1055 1556 1123 Quam
1566 1057 1793 1114 eoetesiseiem

155 1175 217 1224 tare
229 1165 426 1221 consueuerant
436 1198 445 1224 ,
457 1155 507 1214 sed
517 1163 641 1227 tempore
654 1150 809 1210 obsidionis
824 1149 946 1223 expulsi,
998 1149 1078 1205 multi
1090 1149 1300 1222 peregrinorum
1312 1148 1396 1205 ιιιιιΙ
1408 1149 1608 1218 inrumperent,
1616 1155 1646 1206 et
1657 1148 1705 1204 atii
1717 1150 1793 1206 eires

154 1271 209 1330 pro
221 1268 255 1312 eo
271 1249 343 1325 quod
359 1247 395 1304 de
407 1245 566 1320 proditione
587 1241 710 1315 suspecti
731 1240 844 1297 civibus
863 1239 948 1306 babe7
997 1255 1044 1299 res
1059 1243 1146 1308 alias,
1163 1255 1264 1298 aarum
1277 1239 1385 1298 seilicet
1402 1247 1432 1297 et
1443 1247 1605 1311 segentem,
1623 1247 1653 1296 ιι
1669 1241 1792 1312 μαῖαι

153 1349 266 1414 bantur,
279 1335 677 1407 nostrisadlreserant.cu1us
690 1334 800 1406 iniuriae
812 1341 948 1391 mensem
997 1345 1115 1404 ιιιιιιι
1126 1329 1281 1402 diripienda
1293 1329 1394 1402 ιιιὶιι
1408 1336 1623 1400 ιιιιιιιιιιιι,
1637 1329 1792 1400 lueres,

153 1439 195 1495 illi
209 1435 402 1512 grauissimam
419 1432 449 1488 in
463 1431 575 1486 Grecos
590 1428 696 1500 plagarn
709 1425 825 1483 ultionis
847 1423 947 1481 crude·
997 1423 1141 1496 indignum
1165 1422 1270 1480 ducem
1292 1421 1486 1494 marilegium,
1510 1421 1566 1477 nisi
1589 1421 1620 1478 irs
1640 1435 1673 1478 re
1692 1435 1791 1487 ιιιιι,

153 1531 218 1588 liter
231 1527 410 1586 exercebant.
432 1523 472 1580 Ile
492 1521 598 1578 nostris
618 1526 710 1576 ιιιιιι
725 1517 820 1574 ιιΙΙιι
834 1515 948 1574 omuino
996 1514 1185 1580 committere,
1206 1513 1299 1572 locum
1316 1514 1386 1588 petit
1399 1514 1596 1579 secretiorem,
1616 1511 1665 1568 ubi
1677 1527 1712 1569 es
1729 1527 1793 1585 φη

153 1625 193 1682 ibi
207 1621 345 1680 cecidisse
358 1617 509 1691 reperitur,
524 1621 641 1684 excepto
659 1609 747 1666 milite
760 1607 882 1681 quedam
894 1623 947 1664 no·
997 1606 1116 1664 marine
1138 1605 1298 1673 affectabat,
1321 1606 1439 1678 reperiri
1455 1620 1538 1678 pesse
1552 1606 1612 1677 ipsa
1625 1603 1681 1661 loei
1693 1604 1794 1677 tetigi·

152 1717 203 1776 bili
228 1714 375 1772 admodum
400 1719 428 1769 et
454 1710 579 1771 lanoso,
600 1704 648 1778 qui
668 1703 735 1760 dura
756 1701 947 1759 hausseio·
997 1698 1161 1772 promittere
1180 1697 1335 1756 ridebatur.
1358 1695 1465 1755 lnrenit
1478 1697 1623 1756 ibisesers
1643 1696 1792 1770 qenes-

152 1807 275 1866 tuentius
304 1808 480 1877 perurgeret,
512 1799 640 1855 incautus
665 1794 725 1867 ipse
753 1792 857 1866 pariter
880 1807 944 1848 curn
962 1763 1113 1850 ⁸venusta
1133 1784 1385 1862 iacie,'barbaeue
1404 1789 1512 1861 pmrtra
1534 1797 1564 1846 et
1588 1805 1678 1856 essa,
1698 1804 1793 1848 saeer-

152 1915 242 1972 eqrro,
262 1895 308 1954 eui
328 1892 487 1957 insidebat,
503 1889 531 1946 in
548 1889 653 1944 terearn
669 1884 817 1958 quarndarn
833 1891 945 1955 repente
996 1881 1089 1940 taen
1107 1883 1221 1954 utique,
1243 1880 1293 1939 sed
1312 1882 1417 1938 nosris
1437 1880 1630 1938 oeconomicus
1648 1882 1710 1954 ipse
1727 1895 1793 1938 oar·

153 1990 302 2060 absorptos
319 1983 404 2042 sociis
424 1981 555 2038 ornnibus
575 1978 604 2034 ln
626 1975 696 2033 laetis
714 1975 799 2032 rebus
822 1973 945 2031 dolorem
996 1976 1073 2048 peris
1099 1975 1195 2032 babitu
1225 1974 1304 2032 vaide
1331 1974 1504 2031 dissimilem.
1531 1972 1610 2031 liade
1633 1983 1662 2031 et
1684 1975 1790 2042 abbas,

152 2073 414 2150 ausgrrurninresit.
431 2068 521 2127 Victis
544 2067 630 2140 igitur
649 2063 780 2121 ornnibos
800 2071 829 2121 et
850 2061 946 2135 prolo-
998 2069 1099 2126 tsicnnr
1122 2076 1219 2135 rarus,
1243 2067 1355 2139 placido
1379 2065 1489 2138 quiden
1513 2068 1624 2132 anirno,
1649 2065 1704 2122 sed
1722 2081 1792 2124 esee

154 2169 389 2245 peticionibus,
403 2171 430 2222 et
443 2163 479 2219 de
492 2168 551 2218 tota
570 2160 639 2216 urbe
660 2157 730 2216 satis
750 2155 947 2214 miserabiliter
996 2158 1109 2230 quidem
1134 2156 1251 2214 terribili
1279 2156 1455 2213 rebementer
1480 2155 1789 2230 incoeptasset-Age,

153 2261 299 2328 exclusis,
315 2257 422 2316 loribus
434 2254 515 2311 etiarn
535 2250 683 2324 diiigenter
701 2247 872 2315 obstructis,
886 2254 945 2303 turra
997 2250 1104 2322 inquit,
1122 2248 1227 2324 perlide
1240 2263 1342 2313 senes,
1356 2247 1473 2304 ostende
1492 2246 1560 2302 arisi
1579 2262 1656 2320 quas
1669 2249 1792 2320 posim

153 2353 270 2410 demum
283 2350 435 2408 victoribus
455 2345 489 2401 ari
507 2343 627 2416 praedam
648 2353 761 2398 currere
780 2339 945 2412 permissum
996 2355 1093 2398 serras
1106 2339 1257 2411 reliquias,
1268 2339 1313 2396 rel
1326 2338 1402 2396 scias
1415 2345 1444 2394 te
1459 2337 1552 2394 statim
1569 2338 1792 2413 nssrtissappii-

151 2453 217 2512 est,
233 2460 285 2501 nec
300 2449 400 2507 ιιιιι,
415 2437 478 2511 quia
493 2437 545 2494 sub
560 2433 684 2507 periculo
697 2433 797 2506 eapitis
809 2439 870 2489 erat
882 2445 948 2502 pro-
996 2429 1305 2501 sioponlendara.sille
1314 2443 1392 2494 reso,
1402 2428 1524 2486 elamore
1533 2427 1719 2502 potiusquam
1728 2445 1793 2489 w.

152 2537 293 2606 bibitum,
308 2550 344 2591 ne
359 2531 422 2605 quis
437 2537 501 2587 ante
515 2528 625 2602 plenam
645 2523 789 2582 uictoriam
804 2523 839 2580 de
854 2523 946 2596 praeda
996 2522 1041 2580 bis
1055 2522 1186 2589 territos,
1205 2522 1309 2593 quippe
1319 2520 1369 2593 gui
1381 2521 1532 2578 olamrem
1549 2521 1685 2588 audiens,
1706 2524 1791 2582 ruia

152 2629 279 2702 cogitare
292 2632 479 2699 presumeret.
496 2620 661 2677 invenerunt
682 2617 776 2688 itaque
795 2617 899 2688 passim
919 2625 947 2675 et
997 2613 1150 2686 intedigere
1160 2627 1218 2670 non
1229 2611 1355 2678 calebat,
1367 2611 1459 2671 sciens
1469 2627 1522 2670 uec
1537 2613 1616 2670 illsar
1629 2611 1719 2670 Greci
1732 2629 1792 2671 m.

151 2724 268 2794 copiose
290 2723 396 2773 tantam
419 2713 480 2770 auri
506 2711 669 2786 argentique.
693 2709 856 2782 pecuniam,
886 2718 946 2766 taa-
996 2705 1087 2764 raonis
1099 2704 1202 2762 babere
1214 2703 1428 2768 commercium,
1441 2699 1567 2760 liorem
1582 2701 1694 2774 lingua,
1707 2718 1792 2774 guara

151 2825 213 2874 turn
239 2811 416 2886 splendorem
441 2821 612 2884 gernnrarorn
636 2819 670 2862 ae
691 2803 827 2869 restiurn,
842 2811 946 2860 tantu
995 2804 1121 2869 exparte
1132 2803 1266 2862 noceret,
1277 2796 1364 2866 oepit
1375 2794 1514 2852 bominem
1527 2794 1670 2867 mitigare,
1682 2803 1711 2854 et
1721 2796 1792 2852 issar

151 2905 339 2982 pretiosarum
365 2899 500 2956 merciam
523 2895 750 2960 exuberantiam,
776 2899 882 2949 ιιιιιιι
903 2905 948 2949 re-
995 2891 1241 2964 eiss,qsenrslla
1255 2895 1333 2955 erat,
1354 2887 1499 2946 bisadiffls
1522 2888 1659 2944 enrollirc.
1673 2885 1716 2946 lid
1733 2889 1793 2944 aare

152 3011 217 3053 rurn
230 2991 394 3051 victualium
409 2989 578 3052 urbertatenr,
593 2987 693 3043 domos
713 2985 782 3041 aries
800 2983 945 3056 egregias,
996 3001 1064 3044 sero
1076 2985 1164 3043 abbas
1180 2985 1210 3040 ia
1224 2997 1313 3054 psrres
1327 2981 1452 3052 ejusden
1467 2980 1568 3052 liuguae
1580 2979 1665 3038 rerba
1678 2979 1725 3036 six
1741 2996 1792 3052 pe

150 3097 182 3148 et
197 3087 278 3172 bonis
291 3083 423 3143 ornnibus
436 3082 551 3153 plenas,
565 3087 597 3135 ut
611 3091 708 3136 enarres
724 3085 835 3149 repente
848 3075 883 3133 de
897 3075 947 3132 sd·
998 3080 1052 3135 ιιι
1069 3077 1206 3142 eseam,
1220 3083 1252 3131 at
1269 3073 1360 3133 eide·
1381 3072 1443 3130 sessi
1461 3072 1529 3144 guid
1543 3071 1580 3128 ab
1595 3086 1630 3128 eo
1648 3070 1791 3142 erigeret,

130 3194 132 3197 ·
151 3184 234 3239 aenis
258 3190 287 3237 et
308 3176 478 3252 pauperibus
502 3172 578 3230 eires
600 3169 731 3228 ditissimi
754 3167 944 3227 mddmeator.
976 3157 1131 3244 'aperiret
1146 3167 1226 3226 Tuae
1238 3166 1302 3236 ille,
1316 3165 1424 3223 ιιιΙιιιι
1442 3164 1505 3235 eius
1524 3162 1705 3235 babitumgrse
1722 3178 1792 3221 ιιι.

151 3274 318 3331 iastarerat
332 3280 424 3328 autern
444 3265 604 3325 incendium
624 3262 737 3321 interint
756 3260 946 3334 supradictum
998 3262 1143 3328 siderent,
1156 3272 1186 3319 et
1198 3260 1270 3317 illud
1283 3258 1455 3316 tolerabilius
1465 3256 1597 3327 iudicem
1607 3256 1634 3314 si
1646 3256 1733 3313 boare
1746 3271 1792 3313 re-

152 3370 213 3429 iere
228 3367 339 3423 tertiana
359 3370 468 3436 partera
488 3356 624 3424 eiritstis,
645 3370 726 3423 eant,
742 3354 872 3412 omnibus
890 3360 946 3409 tare
998 3355 1115 3428 tigissus
1130 3366 1227 3411 sacras
1240 3350 1375 3423 ιιιιιιιιι
1388 3364 1452 3405 eam
1466 3347 1567 3407 timore
1584 3364 1620 3405 ae
1637 3349 1791 3408 massada

151 3458 262 3517 civibus
283 3471 364 3529 quam
389 3452 543 3525 peregrinis
568 3449 689 3523 graviori
710 3446 853 3519 occupatis
872 3445 946 3517 pesi-
998 3438 1538 3514 emueetareegussniseeutareasiri
1550 3436 1680 3495 ιιιιιιιιι
1694 3452 1793 3495 aaut·

152 3552 238 3621 culo,
253 3550 323 3608 nulli
343 3554 427 3606 erant
450 3546 498 3619 qui
522 3542 647 3600 marinas
667 3540 742 3599 licite
763 3548 946 3613 pervagantes
996 3536 1036 3593 tis
1059 3534 1191 3591 cassibus
1214 3530 1405 3595 lusestsrent,
1433 3524 1566 3585 ierratsm
1579 3526 1607 3583 ei
1620 3540 1714 3582 arcaru
1725 3539 1792 3597 ape·

151 3649 269 3719 possent
283 3640 470 3713 exstinguere.
487 3636 616 3693 aarum
628 3648 713 3701 sero,
728 3640 755 3689 et
769 3631 897 3705 praeli,
913 3646 947 3688 ae
997 3629 1072 3696 ruit,
1085 3624 1238 3684 ostendeus
1249 3624 1278 3681 ei
1291 3622 1452 3679 thesaurum
1463 3617 1693 3683 desiderabilem,
1708 3631 1791 3688 errem

151 3734 287 3809 decrepiti
302 3748 401 3797 senes,
420 3732 468 3804 qui
484 3729 578 3802 lugere
591 3742 649 3785 riou
663 3724 805 3791 valentes,
822 3724 852 3781 in
874 3724 945 3781 urbe
996 3734 1082 3793 super
1101 3732 1200 3777 omres
1220 3730 1306 3789 gasas
1329 3713 1443 3771 Graeciae
1465 3710 1603 3767 ιιιιιιιιι
1626 3710 1714 3768 abbas
1736 3709 1791 3767 sibi

137 3832 365 3901 remanserunt,
380 3824 410 3880 in
424 3836 542 3881 ιιιιιιι
553 3826 713 3877 ιιιιιιιιιι
729 3816 846 3889 digitum
859 3814 947 3888 digito
996 3818 1107 3885 msam
1128 3818 1158 3867 et
1176 3805 1387 3865 desiderabilem
1406 3802 1562 3875 judicabat.
1585 3800 1672 3869 Quem
1695 3800 1791 3857 airicus

152 3924 183 3981 in
195 3920 313 3979 iorruarn
326 3918 420 3975 crucis
431 3916 615 3988 implicantes,
631 3912 700 3971 satis
710 3908 855 3967 debiliter:
871 3908 946 3965 ,iilos
997 3904 1103 3968 abbas,
1117 3900 1283 3959 ieamer
1295 3905 1325 3955 et
1343 3895 1445 3967 capide
1465 3901 1599 3965 suasque
1620 3906 1718 3949 manns
1738 3892 1791 3947 inr-

152 4014 297 4073 Pbssiteos
314 4008 434 4068 merciis
457 4007 542 4083 (ἅγιος
561 4004 687 4081 wirce
702 4000 830 4080 giardi
844 4000 946 4057 desan
997 3994 1113 4060 mersit,
1128 4002 1158 4050 et
1178 3990 1219 4047 ati
1238 3998 1354 4048 strenue
1370 3986 1531 4045 succinctus
1548 3991 1625 4052 erat,
1644 3983 1791 4058 sacrilegio

151 4108 266 4171 tabant,
282 4102 356 4177 quod
372 4099 471 4157 Latine
485 4106 594 4155 sanctes
613 4108 661 4151 res
675 4092 794 4149 marsile
810 4093 946 4163 interpre-
997 4090 1077 4147 sisus
1090 4102 1159 4145 ssos
1172 4084 1306 4156 impleas,
1321 4089 1377 4139 tam
1397 4081 1457 4153 ipse
1477 4093 1562 4152 quasa
1579 4077 1790 4149 capellanum

151 4209 240 4265 tatur,
254 4194 326 4269 quod
342 4194 405 4251 ideo
418 4190 556 4248 iaciebant
569 4188 634 4261 quia
646 4184 850 4249 marcbioaers,
863 4194 945 4254 quest
996 4197 1061 4256 qne
1076 4180 1131 4239 sibi
1143 4177 1289 4251 potissima
1311 4173 1488 4237 ridebantur,
1508 4169 1646 4241 sagaciter
1662 4170 1791 4229 occulta.-

152 4291 274 4351 nrexime
296 4286 384 4345 Graeci
405 4288 557 4347 nouerant,
572 4289 598 4337 et
618 4276 724 4335 ideireo
741 4277 815 4333 inter
834 4282 946 4332 nostros
997 4276 1055 4342 rit,
1069 4282 1099 4331 et
1118 4271 1249 4345 pretim
1265 4280 1397 4341 egressas
1412 4273 1466 4323 est.
1489 4260 1556 4331 Qus
1569 4268 1663 4319 autem
1677 4259 1749 4327 sint,
1761 4268 1791 4317 ct

81 4372 84 4377 ’
152 4384 305 4440 nrasirnum
319 4376 501 4451 reputabant,
516 4379 602 4445 captae
614 4369 693 4428 urbis
706 4382 797 4441 regern
809 4364 946 4424 banddu·
996 4372 1110 4439 gustas
1128 4358 1317 4419 ιιιιιιιιιιίι
1337 4356 1393 4413 itis
1411 4353 1550 4427 quaesibi
1570 4350 1792 4424 prsrdosaaotus

152 4476 201 4535 bie
210 4472 382 4547 cogitabant,
397 4466 470 4543 qnod
484 4476 575 4522 tamen
588 4462 662 4520 bens
675 4460 756 4518 aliter
768 4458 943 4533 disponebat.
960 4454 1182 4529 Dmsneipasit,
1204 4450 1347 4523 nliqulm
1359 4454 1466 4521 ,postea
1483 4445 1686 4517 competentius
1704 4458 1792 4517 espo-

192 4558 238 4626 ιι.
256 4566 325 4623 Cunr
339 4579 404 4635 ergo
417 4562 535 4617 victores
550 4554 774 4621 urbsmrlctam,
789 4552 946 4627 premiere
997 4558 1092 4609 ιιιιιι.
1105 4547 1178 4605 (lum
1189 4558 1275 4617 ergo,
1289 4547 1322 4599 ιι
1334 4540 1373 4596 lta
1385 4539 1495 4611 ιιιιιι.
1528 4536 1565 4596 ad
1578 4550 1665 4593 asses
1679 4534 1717 4591 ita
1731 4532 1792 4594 sui·

151 4661 219 4720 belli
245 4674 323 4716 suam
348 4655 488 4718 reserant,
515 4648 646 4705 alacriter
669 4646 836 4718 spoliarent,
860 4646 946 4717 erepit
997 4634 1152 4698 tuearis
1165 4637 1342 4707 properaret,
1357 4625 1579 4691 sidenteseum,
1594 4622 1643 4696 gui
1657 4629 1793 4680 noverant

152 4750 291 4809 liartinus
306 4748 390 4804 abbas
405 4746 439 4803 rie
453 4758 503 4801 sna
515 4740 597 4799 etians
610 4738 701 4810 preda
715 4736 853 4809 cogitare,
867 4750 899 4791 se
911 4750 946 4791 ne
997 4740 1026 4791 et
1036 4730 1183 4793 maabast,
1195 4726 1231 4784 de
1243 4722 1361 4781 navibus
1371 4728 1400 4779 et
1414 4719 1468 4791 ipsi
1483 4722 1662 4791 properantes
1676 4711 1711 4769 ad
1725 4726 1793 4783 pre·

152 4842 219 4901 aliis
233 4840 362 4898 omnibus
381 4834 476 4894 ditatis
496 4834 558 4906 ipse
580 4844 683 4887 saeuus
695 4835 867 4895 remaneret,
882 4842 946 4899 pro-
997 4824 1061 4881 dam
1072 4860 1085 4888 ,
1096 4836 1133 4877 su
1147 4819 1207 4891 ipse
1227 4816 1321 4887 aliqua
1340 4812 1497 4887 rapuisset,
1517 4815 1567 4867 aut
1585 4808 1688 4881 guibm
1706 4803 1792 4860 rebus

152 4936 250 5013 posuit
272 4942 300 4991 et
324 4934 384 5007 ipse
408 4935 532 4987 sacratas
555 4938 655 4980 rnanrrs
679 4936 744 4980 suas
765 4920 798 4978 ad
821 4920 946 4993 rapinam
997 4915 1059 4987 ipse
1068 4913 1108 4969 its
1119 4915 1239 4967 mustus
1249 4904 1409 4969 incederet,
1422 4902 1486 4960 lato
1498 4898 1591 4957 animo
1603 4894 1790 4970 requirebant.

151 5026 312 5089 estendere.
341 5020 395 5080 Sed
419 5024 549 5092 quoniam
574 5012 695 5087 praedam
717 5026 809 5069 rerum
829 5008 945 5069 recala-
997 5003 1219 5067 liisrerolasto,
1232 5006 1263 5055 ut
1279 5009 1389 5067 semper
1400 4999 1475 5058 erat,
1489 4990 1585 5059 ruite,
1600 4998 1629 5046 et
1642 4987 1735 5045 verbis
1744 4984 1792 5055 iu-

153 5122 229 5176 riunr
243 5115 346 5175 eisdem
361 5110 489 5169 manibus
502 5112 649 5165 atrectare
661 5105 776 5177 putabat
790 5102 945 5175 indignato,
997 5096 1112 5160 medis,
1125 5093 1214 5153 «Beue
1224 5088 1370 5147 nobiscum
1380 5092 1472 5142 actura
1482 5090 1561 5149 est.»
1573 5080 1673 5138 aiebat.
1685 5077 1791 5147 Quibus

153 5210 225 5271 illud
240 5220 319 5283 agere
333 5206 434 5277 eoeplt,
450 5210 481 5258 ιι
494 5199 528 5257 de
540 5197 668 5270 reliquiis
687 5203 864 5260 ιιιιιιιιιι,
877 5206 946 5265 apsa·
1000 5186 1201 5260 sileogratiass
1213 5175 1525 5255 merebantur
1536 5172 1792 5233 lestiosntertrans

153 5318 218 5363 rusa
230 5302 269 5359 ibi
283 5312 411 5372 magnate
423 5292 530 5355 sciebat
540 5306 604 5351 esse
615 5289 722 5363 copim
735 5328 742 5356 ,
754 5286 876 5359 sliqmm
892 5284 946 5343 sibi
997 5284 1104 5347 iens,et
1113 5290 1223 5337 orassem
1230 5269 1549 5331 retardationiscausam
1561 5266 1676 5323 notate
1687 5262 1794 5326 ierens,

151 5394 317 5456 corraderet
336 5393 502 5465 poruosen.
519 5384 671 5455 essanpu
691 5381 777 5455 igitru
793 5392 888 5458 secum
906 5377 947 5433 al·
996 5375 1143 5433 sanarem
1152 5363 1492 5437 mremuaest,ibir1ueia
1504 5359 1704 5422 eubiculosoo,
1716 5354 1791 5429 quod

151 5503 215 5549 tero
229 5506 245 5546 e
258 5486 367 5544 duobus
382 5481 547 5559 capellanis,
563 5476 659 5535 nescio
674 5474 741 5548 quid
757 5470 863 5545 grande
875 5484 948 5543 pre·
998 5466 1118 5525 babebat
1130 5463 1277 5521 iossoam
1290 5466 1322 5518 et
1334 5456 1484 5521 muudrsnr,
1499 5454 1594 5511 sotira
1606 5450 1654 5507 itta
1667 5461 1724 5507 sua
1738 5447 1792 5506 nri.-

151 5581 283 5655 sagiens,
297 5574 449 5650 quamdam
468 5569 538 5644 petit
556 5566 703 5627 ecclesiam
723 5576 784 5636 qus
798 5560 827 5618 ln
847 5572 945 5631 magna
998 5560 1065 5617 iirie
1085 5555 1173 5629 spolia
1190 5550 1353 5615 collocarit,
1375 5547 1463 5605 donee
1482 5545 1530 5601 ille
1545 5540 1748 5598 tumultuosus.
1761 5538 1792 5595 in

151 5667 335 5733 veneratione
350 5666 504 5725 habebatur
517 5680 551 5721 ex
566 5658 689 5733 eoquod
710 5664 797 5715 mater
815 5652 946 5711 lanrosis·
998 5650 1068 5707 urbe
1082 5646 1215 5720 strepitus
1239 5642 1383 5701 resideret.
1404 5635 1459 5695 libi
1480 5635 1566 5693 etlam
1588 5640 1683 5705 postea
1697 5630 1792 5687 triduo

150 5766 218 5829 sisui
234 5758 412 5836 irnpenatoris
426 5752 614 5817 Emmanuelis
634 5750 671 5809 ibi
689 5746 810 5807 nobiloru
827 5743 945 5803 babebat
998 5738 1099 5800 mansit
1114 5736 1141 5795 in
1154 5736 1247 5793 mulae
1259 5729 1413 5791 devotionis
1427 5723 1573 5827 obsequio,
1585 5724 1660 5782 nullo
1673 5722 1725 5785 sibi
1736 5719 1793 5785 iu»
