4000 6350
126 361 163 418 aa
563 377 567 384 ·
703 314 915 404 strnousrtra
935 346 978 402 nn
997 345 1153 404 eunoun.

922 465 947 524 Δ
995 459 1091 518 ilostia
1108 469 1263 534 prorostra
1276 461 1348 519 lacta
1359 458 1520 519 saluteluit.

124 474 209 546 Curius
225 469 271 526 abi
283 481 370 526 sonas
381 465 510 524 insonuit
522 479 584 522 mor
598 463 702 521 corruit
713 463 788 520 orbis

158 561 226 620 Tota
241 558 401 632 superstitio
414 557 588 629 peractaeque
598 563 696 612 status.

120 655 220 713 Peccat
234 653 326 709 hchor
337 650 558 721 rapiensaurum
570 665 578 714 ;
590 654 664 718 petra
680 643 800 700 vindicat
813 643 874 700 aurl

155 742 303 800 Peccatum
315 757 323 808 ;
337 738 449 794 damnat
462 749 543 792 aurea
555 734 628 789 lurta
636 731 718 788 Dens.

122 831 324 890 Schismatlcos
338 836 415 884 notat
424 826 478 894 hic,
488 825 536 896 qui
550 823 668 880 miscent
678 836 760 878 aurea
774 820 884 894 scriptia

158 923 250 980 Verba
262 922 349 980 sacris
364 937 371 973 z
388 921 455 976 istos
469 917 564 989 puniet
579 915 619 972 ira
632 913 690 970 bet.

1707 359 1745 417 db

960 551 1224 610 Faucibusexsultat
1231 554 1302 610 asini
1313 553 1431 621 Sanson,
1446 569 1528 612 cruce
1541 553 1685 614 Christus:

1002 639 1141 698 Sternitur
1155 643 1220 698 hino
1234 643 1332 710 hostis,
1347 633 1466 700 uiuacit'ur
1480 644 1544 700 inde
1553 644 1647 700 Satan.

959 731 1034 789 Eone
1044 747 1132 789 novus
1145 735 1241 789 eileme
1252 734 1325 801 salit,
1340 744 1368 789 ot
1379 736 1488 805 prodest
1500 735 1602 791 sitienti
1614 755 1621 791 ε

994 820 1051 880 Nos
1061 823 1136 882 hiat
1149 832 1176 880 et
1189 833 1303 881 renovat
1317 841 1385 881 crux
1398 841 1475 882 sacra
1488 827 1564 884 loute
1575 843 1664 884 sacro.

1294 915 1358 971 Sine
1370 915 1408 972 Ν.

124 1012 204 1070 Saeua
219 1013 306 1069 tribus
319 1023 472 1082 procerum,
486 1022 568 1078 qaam
591 1005 660 1060 ditat
677 1003 818 1076 sanguinis
833 1010 911 1059 ortus
961 1004 1021 1062 bux
1034 1005 1114 1064 lortis
1127 1006 1227 1064 Caeam
1242 1008 1319 1078 petit,
1330 1017 1360 1064 ut
1371 1009 1490 1066 societur
1504 1011 1605 1079 amico,

161 1104 253 1160 hloute
269 1103 343 1160 stetit
354 1099 485 1162 Gerizim,
501 1106 531 1154 ut
541 1097 677 1155 benedicit
690 1096 738 1151 ibi.

123 1193 220 1251 lnhnm
236 1208 300 1250 sena
315 1192 413 1258 tribus,
425 1205 486 1262 quae
498 1205 553 1246 uon
566 1188 603 1246 ita
614 1188 746 1260 sanquine
756 1192 862 1254 uernat,

160 1283 251 1340 llonte
261 1291 318 1339 stat
327 1280 452 1353 opposito
464 1278 546 1335 uerba
563 1293 656 1334 severa
669 1291 791 1332 movens.

92 1417 95 1422 .
125 1374 159 1430 ltt
176 1375 278 1446 quibus
288 1373 425 1428 incumbit
438 1370 602 1436 benedictio,
614 1370 695 1426 corda
707 1368 826 1438 llqurant

160 1465 227 1532 Quas
244 1464 350 1520 iaciunt
365 1476 482 1520 summae
496 1460 573 1531 pacis
586 1473 680 1515 amore
690 1459 804 1514 bonum.
867 1475 870 1480 ·

127 1555 161 1612 lli
171 1554 271 1625 quibus
283 1553 415 1610 incumbit
430 1551 584 1607 maledictio
597 1549 678 1606 corda
691 1548 808 1620 llqurant

160 1639 261 1696 intuitu
271 1653 360 1710 poenaa
377 1653 439 1710 quse
453 1637 549 1694 uitiosa
560 1647 667 1693 carent.

126 1730 182 1788 Ara
194 1741 270 1788 notat
279 1739 410 1798 mentem,
425 1745 487 1801 quae
498 1729 590 1786 carnis
605 1727 720 1784 conterit
730 1731 824 1797 estus,

159 1823 193 1880 Et
204 1832 295 1880 motus
310 1823 409 1878 animae
420 1823 472 1879 snb
484 1821 589 1877 ratione
602 1819 709 1892 premit.

127 1913 153 1968 Α
165 1921 240 1985 patre
249 1913 386 1969 donantur
400 1926 455 1968 arae
467 1911 522 1967 duo
537 1924 650 1966 munera
664 1908 762 1975 nobis;

162 2006 273 2076 hpatre
285 2005 333 2077 qui
346 2015 442 2077 regnat
454 2018 555 2060 munus
568 2011 714 2072 utrumque
725 2000 816 2056 datur.

126 2095 199 2151 Cum
211 2111 276 2152 caro
288 2096 392 2167 jejunat
404 2095 484 2151 datur
497 2094 573 2150 arida
586 2102 659 2150 terra
669 2093 790 2163 petenti;

166 2181 236 2238 Cum
248 2197 316 2254 qena
327 2197 388 2240 rore
404 2183 494 2239 madet
506 2181 616 2238 humida
634 2190 706 2238 terra
716 2179 808 2237 datur.

458 2271 520 2328 Sine
534 2261 572 2326 ll.

129 2362 199 2418 Post
211 2360 304 2420 iosuae
320 2363 354 2420 de
367 2363 531 2435 principibus
543 2361 665 2418 narratio
677 2361 723 2416 llet

164 2454 190 2508 A
208 2455 310 2524 quibus
320 2456 354 2510 ad
365 2452 462 2510 Juctan
476 2452 553 2511 fulsit
565 2453 677 2510 liebraea
691 2452 789 2510 tribus.

129 2542 177 2598 Sic
186 2552 248 2613 post
257 2552 292 2608 te,
304 2543 350 2614 pie
359 2557 417 2609 res,
433 2544 476 2614 pie
486 2543 550 2602 dua.
563 2543 608 2615 pie
618 2543 738 2611 Christe,
755 2539 834 2614 periti

166 2626 296 2687 {lectores
306 2632 419 2687 veniunt
433 2641 581 2703 nostraque
593 2633 662 2690 bella
675 2641 782 2704 qerunt.

130 2719 161 2776 Si
179 2734 257 2776 sacra
274 2737 342 2778 rana
356 2722 450 2780 colens
465 2723 582 2794 populus
591 2731 717 2796 peccaret
732 2721 863 2781 Hebraeus

165 2807 235 2865 lstos
248 2810 372 2866 tradebat
387 2811 511 2868 hostibus
525 2812 566 2868 ira
577 2811 635 2869 liei.

131 2898 160 2954 Si
173 2915 251 2970 prece
263 2901 383 2970 pulsaret
394 2903 479 2960 coelos
489 2919 568 2960 sacra
578 2919 648 2960 uana
659 2904 829 2974 relinquens,

168 2989 267 3048 llostes
281 2999 356 3064 terga
370 2993 472 3049 dabant
482 2993 554 3049 istud
566 3002 662 3065 agente
677 2993 732 3051 Deo

131 3080 179 3138 Sic
190 3091 216 3138 te
227 3083 303 3153 iussa
314 3081 361 3138 Dei
372 3093 515 3154 spernente
527 3093 591 3140 tuus
604 3084 676 3156 riqet
684 3085 782 3157 bostis,

165 3174 195 3231 Si
208 3178 300 3247 pulses
312 3178 439 3248 precibus
452 3179 563 3245 munera,
577 3178 665 3234 victor
676 3179 741 3236 eris.

130 3264 231 3323 Peccat
246 3265 375 3323 hebraeus
388 3268 499 3325 adhuc:
516 3283 565 3324 rex
580 3266 667 3340 Eqion
682 3270 809 3340 praeuaiet
825 3270 884 3327 illl:

167 3354 283 3414 Pressus
299 3366 327 3413 et
339 3357 455 3415 sillictus
470 3360 604 3431 supplicat
619 3363 663 3417 ille
676 3360 742 3419 Deo.

130 3443 248 3518 Planqit,
261 3447 389 3517 suspirat,
406 3447 509 3505 Cideon
522 3451 639 3522 respirat
652 3452 678 3508 in
692 3452 750 3521 illo,

168 3536 266 3608 Sperat
280 3539 326 3608 qul
341 3538 415 3595 fleanti
431 3552 525 3611 matus
540 3544 637 3599 adesse
651 3552 740 3614 parat.

130 3628 233 3701 Pugnis
247 3629 342 3687 dexter
354 3631 424 3688 heth
439 3642 550 3703 puqnat,
562 3635 637 3690 cruri
648 3636 728 3693 datur
739 3637 815 3696 ensis

166 3721 268 3778 Dextro
283 3742 291 3779 :
306 3738 353 3779 rex
368 3723 452 3795 Eglon
464 3726 578 3795 corruit,
592 3726 638 3783 ille
651 3727 731 3784 redit.

133 3813 228 3884 Siqnat
241 3813 324 3869 bioth
339 3814 440 3886 justos,
454 3816 500 3887 qui
516 3816 590 3873 nulla
603 3825 681 3889 parte
693 3819 800 3878 sinistri

169 3902 205 3960 lit
215 3907 271 3960 siut
287 3920 303 3961 a
316 3906 420 3961 dextris
437 3906 544 3977 singula
556 3909 652 3965 dextra
664 3920 776 3980 qerunt.

134 3991 283 4051 Sescentos
296 3992 401 4067 Sanqar
415 3996 564 4055 invomere
578 4004 693 4071 percutit
709 4003 813 4071 hostes,

168 4083 353 4155 Doctoresque
373 4096 449 4143 notat
462 4089 509 4160 qui
527 4104 605 4147 sacra
618 4094 700 4150 verba
715 4103 820 4151 serunt.

132 4172 225 4231 Velius
240 4190 302 4231 rore
313 4176 383 4243 fluit,
398 4178 475 4247 prius
490 4182 562 4235 aruit
577 4196 641 4239 area
653 4200 660 4239 a
674 4184 760 4241 sallus

162 4264 287 4334 iudaeos3
305 4278 399 4339 gentes
411 4271 485 4327 arida
498 4280 569 4333 terra
584 4286 671 4330 notat.

131 4354 213 4428 lauis
224 4360 297 4415 nube
307 4360 379 4417 Deus
397 4365 473 4432 prius
485 4363 614 4420 irroravit
628 4364 754 4423 hebraeos
767 4385 775 4422 a

170 4447 222 4504 Sed
237 4448 289 4505 luit
299 4466 315 4505 a
326 4458 402 4507 tanto
413 4451 489 4522 plebs
504 4454 592 4510 aliena
604 4455 686 4511 bono.

134 4534 239 4594 Vellere
259 4538 363 4596 siccato
374 4552 436 4611 post
451 4542 509 4598 haec
519 4542 578 4600 lluit
591 4560 675 4603 area:
696 4546 795 4619 spretis

166 4625 266 4685 iudaeis
280 4630 353 4699 genti
367 4635 454 4704 qratia
468 4632 543 4707 larqa
557 4634 619 4692 linit.

128 4716 243 4776 Concha
257 4721 378 4791 repletur
390 4724 471 4793 aquis
483 4740 613 4795 expresso
628 4728 745 4785 uellere:
760 4732 865 4789 concha

170 4808 289 4882 Virginis
302 4812 432 4882 impletur
443 4824 538 4871 sancta
553 4815 661 4887 liquore
672 4834 762 4877 sacro.

127 4901 248 4957 nubora
260 4904 318 4959 sire
331 4902 425 4960 iachel
440 4906 524 4976 proha
542 4922 603 4977 quac
617 4909 690 4979 liquo
701 4920 784 4981 caput
802 4912 890 4969 hostis

167 4990 301 5059 Perierat,
314 4992 442 5048 Ecclesiae
453 5009 567 5065 quaeque
577 4998 664 5068 ligura
679 4996 740 5055 luit.

126 5080 238 5151 Quippe
251 5095 331 5137 sacro
344 5081 430 5152 liquo,
443 5083 523 5153 siquo
535 5084 627 5153 quasi,
643 5085 747 5143 Susam
763 5088 847 5145 Satan

170 5173 302 5240 Vincitur,
316 5174 429 5228 orbatus
439 5172 511 5243 juris
526 5174 630 5231 bonore
643 5176 697 5232 sui.
812 5182 819 5191 “

126 5262 202 5319 ilinc
215 5264 339 5335 sequitur
353 5262 440 5334 iepte,
457 5278 506 5335 pro
518 5267 597 5336 cujus
611 5266 691 5323 laude
699 5268 828 5339 triumphi

169 5354 253 5411 vinea
270 5364 333 5411 nata
348 5354 400 5412 lnit
414 5358 504 5413 hostia
520 5355 592 5413 iacta
605 5356 672 5414 Deo.

124 5448 223 5505 Claret
234 5448 263 5502 in
274 5444 482 5504 hocChristus:
501 5462 566 5505 caro
585 5448 665 5518 cuius
683 5448 712 5505 in
726 5450 825 5505 arbore
850 5464 918 5521 pon·

804 5537 883 5613 [detta
917 5576 924 5590 .

994 1094 1080 1152 bucat
1091 1107 1121 1152 nt
1130 1096 1279 1155 Ecclesiam
1292 1107 1393 1154 tartara
1405 1098 1531 1157 Christus
1538 1103 1605 1158 adit.

960 1183 1069 1245 Fraude
1082 1187 1180 1244 ducem
1194 1191 1290 1260 sepelit
1301 1191 1408 1247 hostilis
1423 1191 1503 1246 turha
1513 1209 1522 1248 a
1534 1193 1659 1262 sepulcre

993 1271 1098 1331 Christi
1112 1277 1241 1333 custodes
1252 1279 1328 1348 ponit
1342 1279 1400 1349 (lh)
1415 1277 1528 1336 liebraa
1539 1282 1659 1336 cohors:

962 1362 1093 1421 llostibus
1106 1366 1151 1422 illc
1161 1367 1251 1438 grauis
1261 1370 1403 1425 stellarum
1419 1378 1541 1440 tempore
1555 1373 1643 1440 surgit

992 1452 1047 1527 iste
1060 1457 1113 1512 sub
1125 1471 1225 1514 aurora
1237 1458 1298 1514 laeta
1313 1461 1432 1530 trophaea
1448 1461 1542 1517 relert.

963 1545 1013 1602 iiic
1025 1549 1101 1606 urbis
1111 1557 1215 1618 portas,
1231 1550 1350 1621 praedam
1364 1552 1428 1608 tulit
1441 1553 1486 1608 illo
1500 1553 1625 1609 beataum

997 1634 1128 1694 Praevalet
1138 1639 1269 1707 illesuis;
1288 1641 1415 1710 prevalet
1426 1642 1478 1698 iste
1492 1643 1561 1699 suis.

963 1726 1054 1784 Ardua
1065 1729 1140 1799 rapis
1150 1729 1207 1786 adit
1219 1732 1307 1787 uictor
1316 1732 1371 1788 dux
1384 1733 1463 1789 hoste
1473 1734 1597 1791 subacto.

928 1801 950 1857 Β
999 1818 1094 1876 Victor
1106 1818 1281 1877 hebraeorum
1295 1821 1422 1879 Christus
1435 1825 1468 1880 ad
1479 1833 1553 1881 astra
1565 1826 1645 1882 redit.

963 1907 1042 1976 Quod
1055 1920 1138 1981 capnt
1147 1911 1221 1968 illius
1233 1914 1361 1983 spoliarit
1374 1916 1463 1972 amica
1476 1917 1575 1986 capillo

997 1999 1098 2067 Sacro;
1109 2000 1183 2071 quod
1195 2000 1265 2058 diris
1277 2001 1402 2058 hostibus
1416 2004 1461 2058 ille
1471 2004 1571 2073 datur,

963 2089 1043 2159 Quod
1054 2091 1144 2148 risum
1155 2091 1258 2161 perdit;
1271 2093 1343 2162 quod
1359 2093 1441 2160 ludit;
1455 2094 1529 2164 quod
1543 2094 1634 2161 molit;
1650 2095 1721 2150 istud

999 2180 1109 2238 Discute
1121 2190 1149 2236 tu
1164 2183 1249 2237 lector
1262 2183 1309 2253 qui
1326 2198 1405 2238 sacra
1419 2184 1502 2239 verba
1517 2183 1595 2255 lcqis.

964 2268 1012 2328 Est
1025 2273 1096 2327 ratio
1108 2270 1187 2342 quasi
1202 2274 1242 2327 sir
1255 2271 1378 2343 lraqilis3
1390 2287 1456 2329 caro
1467 2274 1558 2330 dedita
1571 2274 1644 2331 dulci

1000 2356 1128 2413 Luxuriae
1138 2358 1192 2413 dici
1204 2357 1299 2415 Dalida
1311 2360 1373 2430 jure
1384 2368 1483 2431 petest.

964 2446 1013 2503 ilia
1021 2461 1128 2503 comam
1140 2449 1222 2517 radit,
1234 2449 1300 2504 dum
1310 2458 1337 2506 te
1347 2466 1411 2507 caro
1423 2451 1528 2508 lubrica
1540 2454 1608 2508 lallit
1623 2473 1630 2508 a

999 2537 1048 2595 Est
1062 2552 1142 2594 coma
1157 2554 1219 2595 rasa
1233 2538 1280 2596 het
1291 2543 1377 2611 qratia
1391 2549 1468 2612 rapta
1481 2543 1542 2599 tibi.

965 2628 1020 2686 lsta
1038 2629 1072 2686 de
1086 2645 1171 2687 causa
1184 2638 1210 2688 te
1224 2632 1328 2688 deludit
1339 2641 1404 2690 tuns
1416 2634 1520 2691 hostis:

1001 2721 1054 2790 Qut
1069 2725 1125 2785 ruit
1145 2725 1252 2794 ecoelo,
1267 2741 1314 2796 qut
1327 2727 1400 2782 ntala
1416 2742 1530 2800 quaeque
1540 2725 1616 2786 lacit.

963 2815 1015 2872 Sic
1032 2815 1129 2872 oculos
1142 2817 1246 2888 perdis,
1258 2817 1323 2887 quia
1339 2817 1451 2888 pulvere
1462 2827 1489 2874 to
1500 2819 1628 2875 vitiorum

1001 2905 1102 2974 Caecat,
1115 2915 1146 2962 ut
1158 2907 1252 2963 mittas
1264 2908 1346 2964 corde
1356 2907 1449 2965 videre
1463 2907 1561 2964 Deum.

967 2995 1061 3068 Teque
1072 2994 1138 3052 lacit
1151 3005 1279 3069 torquere
1288 2996 1401 3066 molam,
1415 2998 1481 3054 dum
1492 2999 1590 3054 circuit
1603 3001 1708 3068 orbem,

1004 3087 1113 3161 Corque
1124 3097 1201 3144 tuum
1214 3089 1345 3145 miserum
1358 3103 1406 3160 per
1419 3090 1491 3144 mala
1502 3091 1587 3146 multa
1601 3100 1681 3149 rotat.

1311 3172 1419 3237 Sinai).

967 3272 1116 3331 Ecclesiam
1132 3272 1205 3329 liuth
1217 3270 1340 3343 designat
1352 3272 1386 3327 dc
1403 3274 1529 3345 gentibus
1539 3274 1598 3343 ejus

941 3396 954 3419 .
1002 3362 1052 3420 Vir
1062 3363 1189 3420 Christus
1199 3371 1275 3419 caste
1289 3364 1337 3433 qui
1350 3363 1402 3419 silli
1414 3366 1505 3436 iungit
1519 3380 1593 3419 eum.

966 3454 1045 3511 Anna
1060 3454 1138 3526 prins
1148 3453 1252 3510 sterilis
1264 3453 1373 3510 inuenta
1385 3470 1484 3526 parens
1499 3454 1636 3513 Samuelis

1002 3544 1116 3600 ilunere
1128 3544 1232 3600 coelesti
1250 3542 1322 3599 lacta
1333 3544 1448 3601 subinde
1461 3544 1524 3601 luit.
1596 3535 1600 3541 ’

966 3635 1106 3707 Factaque
1118 3634 1152 3690 dc
1166 3635 1253 3691 sterili
1265 3633 1381 3690 iecunda
1396 3636 1495 3705 tiqurat
1507 3653 1514 3691 ε
1528 3637 1653 3692 eamdem

1002 3724 1154 3783 Ecclesiam
1168 3725 1276 3796 plenam
1292 3723 1425 3782 fructibus
1437 3741 1499 3782 esse
1514 3727 1578 3797 piis.

967 3818 1081 3891 Spretos
1094 3816 1152 3874 Heli
1167 3832 1282 3873 nascens
1294 3814 1402 3873 Samuel
1419 3832 1586 3873 marcescere
1598 3817 1683 3887 legem

1002 3908 1131 3977 Designat
1143 3916 1271 3975 veterem,
1282 3908 1341 3979 leqe
1352 3915 1483 3977 sequente
1492 3907 1566 3963 data.

966 3998 1007 4051 ΔιΙ
1023 4005 1118 4068 gentes
1131 3995 1199 4066 legis
1213 3996 1331 4051 transire
1340 3996 1424 4051 decus
1439 3996 1551 4066 gladiati

1002 4085 1092 4141 Patris
1106 4082 1165 4141 lieli
1175 4084 1289 4154 junones
1311 4099 1429 4155 arcaque
1454 4095 1533 4155 capta
1544 4095 1640 4157 petunt

966 4175 1069 4232 Nititur
1083 4184 1142 4231 arte
1152 4173 1218 4231 Saul
1233 4190 1292 4241 rex,
1310 4183 1341 4230 ut
1351 4176 1427 4245 parri
1441 4176 1591 4231 citharistae

1003 4262 1100 4320 Guttae
1114 4264 1279 4334 sanguineas
1290 4263 1364 4335 reqia
1381 4264 1434 4320 tela
1448 4264 1553 4321 bibant.

969 4354 1016 4413 Sic
1029 4364 1057 4412 et
1068 4355 1178 4412 iudaeus
1189 4356 1217 4411 ln
1231 4353 1371 4411 Christum
1384 4356 1515 4427 pertidus.
1530 4358 1591 4429 ejus

932 4458 956 4513 p
1004 4446 1116 4515 Esuriit,
1130 4446 1208 4513 sitiit,
1220 4447 1343 4517 vulnera,
1358 4447 1457 4515 uincla,
1467 4462 1587 4505 emacem.

970 4537 1110 4608 hepartio
1124 4536 1176 4593 lsai
1188 4537 1332 4592 minimum
1348 4538 1500 4608 reperimus
1510 4539 1604 4611 inungi
1616 4558 1624 4595 ε

1006 4629 1053 4685 Sic
1065 4628 1121 4701 aqit
1130 4629 1159 4683 in
1173 4627 1295 4683 minimis
1305 4630 1392 4700 qratia
1402 4628 1478 4699 larga
1492 4628 1551 4685 liei.

969 4720 1091 4792 liespiclt
1107 4720 1153 4775 hic
1165 4719 1283 4775 humiles
1296 4720 1386 4777 aliena
1402 4721 1556 4793 quibusque
1572 4725 1693 4794 superbit

1005 4810 1073 4867 Nam
1088 4810 1155 4866 tales
1171 4809 1273 4881 abjicit,
1287 4820 1368 4881 atque
1384 4810 1488 4868 resistit
1502 4813 1552 4869 eis.

969 4900 1036 4957 iore
1050 4900 1134 4957 bario
1146 4916 1240 4957 verum
1251 4899 1337 4957 David
1347 4902 1492 4971 expressit,
1507 4904 1572 4973 quia
1585 4903 1724 4962 Christum

1005 4990 1096 5047 Edidit
1106 5006 1140 5046 ea
1149 4991 1210 5061 ejus
1223 4990 1308 5061 stirpe
1317 4991 1395 5045 beata
1409 5006 1517 5061 parens.

971 5082 1106 5138 Bersabee
1118 5083 1191 5136 nuda
1205 5082 1263 5153 reqi
1274 5081 1388 5151 placuit,
1402 5081 1467 5151 quia
1482 5081 1568 5153 legem

1006 5172 1231 5239 Christnsamat,
1247 5172 1327 5243 cnjus
1339 5172 1431 5229 lucida
1445 5173 1526 5229 uerba
1540 5174 1651 5230 micant.

971 5264 1028 5321 ilex
1043 5265 1089 5320 illa
1105 5264 1194 5334 privat
1207 5260 1322 5319 Uriam:
1337 5262 1378 5319 sic
1390 5262 1517 5320 Christus
1530 5262 1685 5320 lichraeuas.

1006 5353 1078 5428 heqe
1088 5369 1154 5422 sua;
1168 5354 1298 5409 damnum
1311 5353 1398 5409 nescit
1407 5364 1523 5425 uterque
1535 5369 1627 5411 suum.

970 5444 1058 5513 Quam
1072 5446 1141 5518 gerit
1152 5444 1234 5501 Urias
1247 5442 1340 5500 Uriam
1353 5445 1443 5501 littera
1458 5444 1567 5517 perdit:

1006 5536 1072 5605 Quae
1085 5536 1154 5608 gerit
1164 5535 1293 5593 Hebraeus
1304 5551 1353 5608 per
1364 5551 1414 5593 sua
1428 5537 1529 5607 scripta
1546 5536 1625 5606 perit.

167 5689 223 5759 (⁴5)
239 5686 273 5745 lit
284 5688 375 5747 littera
388 5688 422 5747 tt.
442 5690 529 5755 absit,
550 5692 752 5749 substituatur:
772 5692 853 5747 Addit
868 5701 916 5749 aut
926 5688 1016 5746 simile
1027 5690 1199 5747 vocabulum.
