4000 6350
274 340 327 398 aar
861 305 1329 396 cnnnnmtcrsrnncmn‘srs
1852 345 1909 402 aaa

274 452 385 528 AEgypu
403 457 507 526 partera
521 449 595 506 facili
609 447 774 522 compendio
788 448 817 506 in
831 464 927 507 eorum
942 459 1064 522 potesta
1077 453 1102 514 Α
1116 447 1327 522 Spoponderam
1338 449 1436 521 itaque
1450 448 1572 509 facturos
1585 461 1616 507 se
1629 450 1704 521 qnod
1713 449 1754 508 illi
1768 452 1909 512 instanter

273 551 329 602 tent
347 557 431 614 passo
451 540 605 606 transferri,
630 553 664 596 eo
683 539 757 612 quod
778 549 852 598 totus
867 540 925 600 fere
941 543 1061 614 populus
1110 537 1267 607 exigebant,
1289 544 1404 608 accepto
1426 535 1608 595 nibilominus
1628 536 1663 594 ab
1683 539 1725 596 eis
1749 543 1908 600 cenimina

272 639 355 690 terra
368 632 410 688 rel
422 637 602 709 consumptus
617 628 688 686 mute
708 631 838 702 perierat,
854 633 897 689 rcl
917 633 1061 705 squalebat
1111 629 1259 699 spontione
1271 625 1348 701 'quod
1369 627 1422 700 ipsi
1442 643 1553 701 quoquc
1573 630 1673 687 trmtti
1688 636 1802 688 nostros
1817 649 1907 705 usqne

273 721 1059 798 penuriaproptersterilitatemejusdcmridelicetterrae,
1110 719 1304 776 Alexandriam
1318 728 1346 777 et
1360 720 1561 777 comitarentur
1584 727 1612 776 et
1636 719 1777 777 rcberent.
1802 721 1908 780 videns

272 816 317 872 cui
335 813 413 870 Nilus
431 812 578 884 frugiferas
596 828 693 885 aquas,
710 815 811 886 quibas
833 831 893 873 eam
909 815 999 888 rigare
1014 832 1061 872 so·
1110 829 1177 885 ergo
1198 813 1332 870 llartinus
1354 818 1450 868 noster
1476 826 1533 869 nou
1556 813 1646 869 solum
1671 811 1782 884 negotio
1810 815 1907 872 crucis

272 908 319 969 lot,
332 905 422 972 aunis,
438 913 469 960 ιιι
484 905 571 971 aiunt,
592 905 651 976 jam
673 907 795 977 quinque
809 907 992 965 subtraxerat.
1007 906 1062 964 lm·
1111 919 1204 961 moras
1230 903 1351 970 innecti,
1376 901 1424 958 sed
1443 909 1472 958 et
1489 901 1541 956 toti
1564 901 1700 957 exercitui
1724 913 1825 960 nostro
1842 904 1908 962 fun-

271 997 434 1070 pediebatur
455 1003 546 1053 autem
569 996 637 1053 illud
655 998 809 1069 principum
828 1007 985 1056 nostrorum
1000 1000 1062 1054 lau·
1110 994 1193 1051 dandi
1209 994 1352 1066 sanguinis
1366 991 1516 1050 Christiani
1538 994 1734 1051 necessitatem
1758 995 1907 1055 incumbe-

271 1089 361 1148 dabilc
375 1087 443 1144 satis
461 1087 607 1144 consilium
627 1087 726 1146 fraude
745 1097 773 1145 et
796 1091 918 1161 nequitia
942 1089 1061 1147 Veneto·
1110 1097 1155 1152 let
1170 1083 1299 1138 nesciens
1312 1095 1369 1154 (1¹¹⁰
1391 1096 1422 1139 ιθ
1440 1087 1569 1148 verimi·
1592 1081 1693 1155 (tuille
1707 1093 1815 1156 mltis
1831 1094 1908 1149 totns

271 1195 350 1245 rum,
374 1180 423 1252 qui
448 1188 578 1252 tanquam
602 1179 706 1236 domini
732 1181 843 1238 narium
868 1188 896 1238 ct
921 1181 1061 1254 principes
1110 1174 1139 1230 in
1154 1175 1349 1241 acerborruit,
1370 1182 1399 1230 ct
1420 1173 1455 1230 de
1469 1174 1606 1246 pluribus,
1626 1189 1744 1246 quorum
1763 1177 1790 1233 el
1815 1180 1907 1250 quod-

269 1270 403 1328 Adriatici
419 1273 515 1339 naris,
535 1272 576 1328 eis
592 1271 731 1342 nauigium
747 1261 857 1343 periltus
875 1271 1059 1346 abnegabant,
1110 1265 1177 1322 libet
1197 1265 1371 1337 displicebat,
1393 1263 1461 1320 iliad
1475 1264 1557 1337 elegit
1574 1265 1648 1336 quod
1670 1267 1698 1322 iu
1720 1268 1769 1322 tali
1784 1271 1905 1326 articulo

269 1364 326 1422 nisi
340 1379 404 1422 cum
418 1365 487 1436 ipsis
500 1365 578 1436 prins
594 1364 730 1420 celebrem
753 1363 894 1420 Dalmatiae
911 1365 1060 1434 civilatem,
1110 1357 1283 1428 poliisimtlln
1303 1357 1459 1414 videballtf·
1475 1355 1629 1430 Afsretlllt
1646 1360 1740 1430 ἱῑιιιιιθ
1756 1361 1904 1431 ptaelaitm

267 1456 340 1528 juris
354 1465 445 1514 autem
459 1455 620 1528 flurrgaricl,
634 1455 746 1512 Jaliram
766 1454 815 1528 [nl.
829 1455 1059 1528 faziramicspn··
1111 1448 1289 1514 cardinalem,
1308 1450 1432 1504 omnium
1454 1463 1567 1519 precum
1589 1449 1720 1506 inritantia
1740 1455 1906 1525 suppliciter

271 1556 398 1621 gnorent.
416 1547 533 1606 Aiebant
548 1547 623 1605 enim
636 1549 712 1604 illam
731 1562 841 1618 semiper
857 1547 917 1604 suis
934 1548 1061 1604 utilitati·
1109 1542 1241 1598 exorabat
1255 1550 1285 1598 ut
1302 1557 1365 1599 cum
1380 1557 1396 1596 a
1410 1551 1475 1597 roto
1492 1544 1723 1613 W‘fbflmfiffllls
1743 1547 1904 1605 ³b⁸⁰¹l¹¹¹¹¹=

270 1639 322 1695 bns
338 1638 423 1695 faisse
437 1640 617 1703 contrariam,
634 1639 703 1692 adeo
717 1645 746 1692 ut
760 1651 832 1708 saepe
844 1636 1057 1708 cirestusdem
1110 1634 1145 1689 ad
1167 1634 1278 1690 solitam
1301 1634 1458 1689 claustralis
1479 1634 1541 1689 ritae
1560 1635 1680 1704 quietem
1700 1635 1827 1694 transire
1840 1655 1905 1710 per·

270 1732 348 1787 urbis
365 1745 450 1787 nares
466 1731 577 1786 illorum
592 1729 732 1786 mercibus
750 1735 865 1786 onustas
882 1728 1006 1799 piraticis
1016 1728 1060 1783 ia·
1109 1725 1239 1811 mitteret.
1255 1724 1302 1780 ille
1313 1739 1379 1780 vero
1390 1724 1445 1781 uisi
1459 1707 1655 1796 prius'expleta
1667 1730 1902 1799 peregrinatione,

268 1823 429 1880 visionibus
457 1821 633 1892 spoliassent.
656 1819 725 1887 Quae
756 1820 853 1890 utique
883 1835 928 1877 res
954 1821 1059 1876 nostris
1074 1791 1095 1847 Β
1109 1830 1218 1874 omnem
1241 1831 1357 1888 prorsus
1370 1817 1397 1872 ei
1412 1815 1531 1873 reditum
1548 1816 1711 1890 denegabat,
1734 1828 1763 1876 et
1787 1821 1904 1894 insuper

270 1914 452 1986 principibus,
479 1921 611 1984 tauquam
636 1910 723 1968 ileum
740 1911 912 1980 timentibus,
937 1910 1059 1968 crudelis
1108 1907 1240 1978 majorem
1269 1907 1413 1978 imponens
1436 1907 1590 1973 sarcinam,
1614 1912 1779 1969 auctoritate
1801 1917 1902 1971 summi

269 2020 303 2062 ac
314 2004 422 2062 nefuma
446 2003 602 2070 ridebatur,
625 2010 684 2058 tam
705 2003 771 2075 quia
786 2001 886 2058 civitas
905 2000 952 2056 illa
975 1999 1058 2058 Cbri·
1108 1999 1258 2070 pontilicis,
1273 2014 1369 2057 omnes
1383 2000 1409 2056 ei
1422 1999 1560 2057 commisit
1573 1998 1760 2061 Tbeutonicos
1777 2020 1849 2076 qnos
1861 2009 1902 2063 rel

269 2097 367 2156 wana
386 2095 474 2168 gentis
492 2101 564 2162 erat,
583 2103 641 2150 tum
663 2094 728 2166 quia
751 2092 785 2149 ad
806 2105 897 2164 regem
912 2090 1059 2166 ilungariae
1109 2091 1170 2160 ipsc
1182 2089 1345 2156 adduxerat,
1356 2090 1397 2146 rel
1411 2089 1451 2145 ibi
1459 2101 1608 2161 repererat,
1616 2093 1660 2146 rel
1667 2092 1715 2165 qui
1727 2097 1901 2165 postmodnm

268 2190 439 2262 pertinebat,
461 2188 509 2259 qai
532 2188 637 2258 etipse
659 2186 739 2258 signo
758 2185 851 2241 crucis
876 2193 1002 2256 accepto,
1028 2191 1059 2240 ut
1109 2177 1277 2235 adeuumem
1288 2181 1438 2236 exercitum
1450 2187 1544 2238 esseut
1553 2183 1673 2266 venturi.
1685 2183 1806 2255 injunxit
1817 2189 1901 2244 etiana

268 2279 355 2336 moris
372 2287 415 2336 est
430 2277 481 2334 sub
493 2277 693 2348 protectionem
712 2273 812 2332 nummi
829 2273 968 2347 pontilicis
988 2289 1018 2330 se
1032 2283 1060 2331 et
1109 2276 1164 2322 tam
1185 2269 1210 2325 ei
1233 2283 1316 2340 quam
1335 2267 1501 2341 quibusdam
1520 2269 1582 2329 aliis
1598 2272 1746 2343 religiosis,
1770 2277 1820 2347 (1ιί
1853 2277 1901 2331 td·

268 2383 319 2427 sua
331 2368 492 2425 tradiderat.
510 2365 567 2423 illis
581 2381 646 2437 crgo
661 2366 797 2420 instanter
810 2364 982 2435 urgentibus,
1005 2377 1056 2420 no·
1108 2368 1198 2428 erant,
1223 2368 1253 2416 ut
1261 2375 1312 2432 per
1331 2375 1427 2418 omues
1449 2375 1532 2419 casus
1553 2363 1645 2420 socios
1666 2375 1859 2436 sequerentur,
1875 2378 1902 2424 et

267 2455 734 2528 strisautemobnixenegantibas,
749 2453 801 2511 surb
816 2454 868 2510 bac
883 2455 1060 2512 conflentiona
1108 2467 1158 2511 eos
1181 2469 1197 2509 a
1219 2455 1353 2528 sanguino
1372 2454 1542 2522 Christiano,
1562 2463 1697 2527 quantum
1719 2469 1815 2529 posset
1830 2459 1899 2529 fleri,

268 2557 352 2620 atque
372 2546 511 2605 discordia
535 2546 685 2618 plurimum
705 2543 838 2612 temporis
859 2545 983 2614 elapsum
1003 2552 1057 2602 est.
1108 2545 1279 2603 cobiberent.

269 2635 407 2691 Purtabant
420 2634 495 2690 enim
515 2648 575 2689 rem
591 2631 708 2688 omnino
732 2630 921 2688 detestabilem
936 2639 963 2687 et
977 2631 1060 2686 Cbri·
1145 2635 1171 2691 'l.
1191 2632 1317 2707 Traiectn
1338 2636 1422 2708 igitur
1435 2637 1526 2694 classe
1549 2651 1598 2709 per
1619 2652 1697 2694 marc
1709 2638 1894 2708 Adriaticum,

269 2724 368 2784 stianis
382 2724 517 2792 illicitam,
535 2723 637 2779 milites
650 2723 741 2778 crurcis
762 2720 866 2778 Christi
888 2721 915 2776 in
930 2720 1058 2780 bonriues
1108 2723 1181 2794 quod
1190 2734 1218 2780 et
1231 2723 1323 2795 ipsum
1336 2724 1517 2783 Dalmaticum
1528 2728 1697 2800 appellatur:
1710 2730 1829 2787 alteram
1839 2733 1902 2805 qui·

188 2821 199 2840 ·
268 2811 441 2872 Christianos
464 2812 548 2880 caede,
573 2812 669 2882 rapina
684 2815 720 2868 'et
741 2812 870 2868 incendio
887 2810 1058 2894 degrassari,
1107 2815 1169 2872 dem
1184 2815 1219 2872 ab
1230 2816 1313 2872 Adria
1326 2817 1447 2884 ciuitate,
1464 2819 1506 2876 rel
1520 2821 1671 2876 secuudum
1682 2819 1802 2890 fabulas,
1819 2825 1901 2882 adila

269 2905 362 2977 qualia
382 2904 410 2958 in
436 2903 624 2977 expugnandis
646 2902 762 2959 urbibus
787 2901 945 2972 frequenter
968 2903 1058 2959 solent
1106 2905 1184 2963 lonis
1203 2906 1288 2962 bdria
1305 2905 1363 2979 (2);
1384 2908 1501 2963 alterum
1516 2922 1584 2965 rero
1608 2907 1789 2965 aflalmatica
1817 2926 1900 2982 quam

269 2991 405 3052 accidere.
422 2991 501 3050 Unde
513 3001 541 3048 et
555 2993 632 3049 multi
646 3007 790 3076 pauperes,
805 2994 851 3066 qui
863 3008 956 3050 secum
968 3009 1057 3067 pauca
1107 2996 1196 3063 alluit,
1215 2997 1425 3068 appellationem
1441 3000 1592 3070 accipiens,
1603 2999 1706 3058 milites
1715 3003 1805 3058 nostri
1816 3005 1900 3060 celeri

268 3083 432 3152 detulerant,
449 3084 551 3143 eisdem
568 3084 750 3156 consumptis,
765 3099 821 3140 non
834 3085 966 3142 babentes
984 3086 1090 3176 ulnae
1107 3100 1202 3150 cursu,
1227 3086 1276 3144 sed
1293 3095 1385 3162 arunte
1399 3088 1475 3146 tristi
1497 3095 1527 3144 ct
1537 3089 1627 3155 tarda,
1640 3091 1762 3162 regionis
1772 3095 1902 3165 opposita

267 3178 410 3245 viaticam,
423 3176 519 3235 relicto
534 3178 669 3243 exercitu,
689 3176 779 3233 versis
800 3176 923 3249 vestigiis
936 3176 972 3233 ad
989 3192 1054 3250 pro.-
1105 3176 1200 3246 1ittora
1215 3186 1373 3246 tenuerunt,
1395 3193 1478 3237 acne
1491 3180 1520 3235 in
1534 3195 1566 3237 re
1585 3180 1682 3238 odiosa
1703 3190 1732 3239 et
1754 3184 1810 3241 sibi
1831 3186 1901 3256 ipsis

267 3273 328 3345 pria
347 3268 463 3342 regressi
484 3275 561 3324 sunt.
578 3265 631 3323 Sed
646 3275 674 3323 et
689 3266 800 3339 quidam
816 3274 942 3337 potentes
963 3275 990 3325 ct
1010 3265 1055 3323 di·
1105 3267 1411 3327 detestabiiidiatnrnas
1418 3278 1529 3343 agerent
1538 3286 1642 3340 moras,
1649 3273 1791 3344 prefatam
1802 3276 1901 3332 um

267 3362 337 3417 ritus
353 3360 417 3425 uiri,
431 3374 486 3415 nou
503 3368 558 3413 tam
569 3372 660 3414 rerum
674 3359 790 3430 penuaria
804 3358 961 3415 laborantes
971 3374 1055 3430 quam
1104 3374 1205 3433 magno
1219 3370 1322 3419 terrore
1336 3371 1364 3418 et
1387 3362 1497 3419 fremitu
1509 3362 1689 3431 obsederunt,
1714 3378 1833 3438 mulque
1849 3380 1899 3437 per

268 3451 443 3525 perpetrandi
467 3450 562 3525 flagitii
595 3449 712 3507 horrore
732 3452 890 3522 perterriti,
916 3452 997 3507 inriti
1022 3468 1056 3509 nc
1106 3452 1229 3508 triduum
1241 3468 1295 3509 non
1307 3460 1363 3508 tam
1375 3453 1514 3510 hostiliter
1531 3470 1614 3527 quam
1627 3454 1775 3513 minaciter
1789 3472 1898 3531 oppug-

268 3558 339 3617 peuc
356 3544 480 3599 uolentes
495 3542 523 3599 iu
536 3542 653 3601 reditum
668 3543 793 3601 conversi
809 3550 884 3601 sunit.
910 3544 931 3599 li
954 3546 1055 3617 quibus
1106 3554 1214 3614 nantes,
1232 3548 1292 3603 sine
1305 3535 1380 3604 casile
1393 3554 1421 3603 ct
1436 3549 1571 3620 sanguine
1586 3549 1620 3605 ad
1634 3545 1802 3607 deditionem
1823 3566 1900 3608 com·

268 3633 352 3704 aliqui
369 3631 482 3689 lintrium
498 3640 620 3705 petentes
632 3634 675 3691 ris
694 3648 711 3689 a
734 3649 842 3693 summo
866 3636 996 3707 pontifice
1009 3654 1055 3696 re·
1106 3638 1244 3712 puleruut.
1259 3636 1325 3705 Quae
1338 3640 1436 3697 civitas
1446 3648 1591 3711 postquam
1605 3641 1663 3698 suis
1676 3640 1830 3699 victoribus
1841 3650 1901 3699 tra·

268 3724 370 3781 deundi
392 3726 531 3783 licentiam
557 3726 703 3801 impetrare
726 3735 885 3799 potuerunt,
906 3744 938 3785 ea
963 3735 1055 3786 tamen
1105 3728 1164 3785 dita
1176 3736 1229 3793 cst,
1246 3744 1308 3783 mox
1321 3744 1382 3785 eam
1395 3729 1492 3785 Veneti
1504 3744 1520 3783 a
1531 3728 1716 3789 inindumentis
1733 3731 1901 3791 inexorabib

267 3816 424 3873 conditione
447 3817 569 3888 praefixa,
594 3826 624 3874 ut
643 3818 741 3877 saltem
760 3830 824 3891 post
848 3819 953 3892 aliquot
967 3835 1055 3881 anuos
1105 3819 1170 3875 odio
1184 3819 1387 3875 subverterunt.
1403 3817 1504 3886 Quoia
1519 3820 1601 3887 facto,
1613 3821 1776 3892 quianostri
1788 3834 1902 3881 mnn-

268 4004 313 4053 tus
337 3999 543 4073 peregrinorum
567 4017 622 4057 aron
642 4000 731 4059 solum
753 4002 906 4059 exercitum
930 4012 1055 4064 nostruin
1106 3999 1189 4056 rebus
1213 3997 1360 4071 ilungariae
1370 3999 1443 4072 regis
1457 4015 1556 4058 manns
1571 4000 1742 4073 injecissent,
1757 4018 1829 4077 quas
1851 4006 1899 4063 ills

267 4092 378 4149 illorum
403 4091 541 4149 fraudarit
566 4094 701 4161 absentia,
722 4110 818 4151 uerum
841 4096 925 4151 etiam
941 4098 1054 4163 multos,
1106 4090 1185 4161 signo
1199 4089 1291 4147 cracsss
1305 4097 1432 4161 accepto,
1449 4089 1481 4148 B·
1496 4089 1571 4148 Petri
1589 4092 1747 4164 summique
1758 4094 1899 4166 watlflcit

267 4184 315 4255 qui
325 4183 359 4239 dc
373 4182 518 4241 Germania
528 4184 689 4255 missisque
702 4184 861 4256 regionibus
869 4185 1000 4257 subsequi
1016 4186 1057 4243 le·
1104 4180 1267 4253 proletli⁰nl
1274 4182 1554 4248 0⁰mml⁸0¹¹²bvi⁸lltll
1561 4190 1604 4240 ιιι
1612 4184 1717 4241 111131ιί1
1728 4186 1763 4241 tt!
1770 4187 1898 4244 eumdem

268 4274 417 4340 stinalrant‚
441 4276 477 4331 ab
498 4276 557 4341 illo,
575 4290 657 4347 quem
675 4268 871 4353 conceperant,
893 4275 978 4331 animi
1000 4276 1058 4333 fer·
1106 4290 1243 4333 summum
1264 4273 1421 4346 pontificem
1440 4276 1554 4332 nuutios
1571 4276 1720 4342 destinare,
1736 4287 1768 4335 ut
1782 4288 1896 4347 emon,

266 4382 333 4423 rnre
356 4366 489 4433 cobibuit,
514 4373 544 4422 ut
569 4366 597 4423 in
618 4366 686 4423 locis
709 4366 769 4423 stris
792 4366 897 4423 immoti
919 4367 1056 4429 corrsiste·
1106 4368 1193 4439 culpae
1205 4364 1422 4423 misericorditer
1432 4366 1664 4433 condescendens,
1674 4369 1766 4425 eosab
1775 4372 1900 4429 ilfassn-

268 4462 339 4511 rent.
1070 4442 1093 4501 ὓ
1107 4456 1192 4513 tentia
1203 4454 1498 4512 excommunicationis
1521 4454 1685 4513 absolveret.
1712 4454 1758 4512 'ui
1768 4458 1899 4529 legationi

309 4544 443 4618 'fcmporc
458 4554 549 4603 antona
560 4548 608 4603 illo
623 4546 726 4606 missus
739 4554 781 4603 est
796 4547 831 4603 ad
844 4548 994 4607 exercitum
1007 4564 1056 4607 no-
1104 4541 1375 4619 prosequendarum
1387 4561 1512 4618 personae
1530 4546 1613 4603 utiles
1629 4554 1658 4603 ct
1669 4548 1778 4604 ldencas
1791 4564 1899 4620 qnare·

269 4650 358 4699 stram
375 4638 526 4695 cardinalis
539 4638 664 4710 quidam,
689 4638 791 4695 Petrus
808 4640 934 4697 uidelicet
947 4640 1055 4713 Capua·
1104 4645 1210 4705 rentur,
1224 4638 1327 4695 electus
1341 4647 1384 4694 est
1396 4637 1529 4694 ifartinus
1542 4638 1638 4703 abbas,
1651 4645 1679 4694 et
1693 4652 1757 4694 cum
1768 4654 1803 4696 eo
1813 4638 1898 4697 Sues-

269 4749 333 4797 nus,
349 4747 429 4803 quem
440 4746 565 4787 summus
580 4732 702 4802 pontifex
722 4731 757 4787 acl
775 4734 829 4788 froc
852 4732 1001 4800 direxerat,
1024 4739 1055 4789 ut
1104 4728 1242 4785 sionensis
1255 4728 1410 4799 episcopus,
1425 4728 1469 4784 tir
1482 4742 1588 4799 magnae
1600 4729 1754 4787 sanctitatis
1766 4739 1795 4787 et
1807 4730 1897 4789 dulcis

269 4822 410 4897 prefatam
436 4822 545 4879 sedaret
567 4822 796 4891 controuersiam,
820 4832 967 4895 ageretque
990 4840 1053 4881 cum
1104 4816 1249 4883 facundiae
1263 4827 1291 4874 et
1305 4818 1404 4875 tertius
1427 4818 1558 4890 maelii&
1583 4815 1682 4876 'mll-
1709 4816 1896 4886 Ptl'ltittltis.

272 4914 392 4979 Venetis,
414 4919 446 4967 ut
470 4910 541 4969 felici
566 4913 689 4980 embolae,
712 4916 802 4972 idest
825 4914 927 4973 Christi
950 4916 1055 4972 militiae
1103 4906 1187 4965 homo
1200 4906 1381 4980 Francizcna,
1397 4908 1660 4967 nobiliterermlitus
1673 4913 1897 4969 etserrnoneaf·

269 5010 408 5061 maturum
418 5018 515 5059 versus
528 5004 720 5063 Alexandriam
731 5012 893 5076 prestarent
904 5006 1053 5075 nauigium.
1104 4996 1217 5068 fabilis;
1235 5015 1351 5071 quorum
1366 5000 1563 5058 interveniente
1575 5001 1733 5072 presentia,
1747 5018 1833 5060 caasa
1855 5004 1899 5061 fa·

270 5096 349 5166 Quod
361 5112 423 5151 cum
435 5096 469 5151 ab
483 5097 524 5151 eis
539 5096 697 5153 nullatenus
706 5102 870 5169 extorquere
884 5103 987 5169 posset,
999 5094 1054 5151 nisi
1104 5090 1236 5148 vorabilis
1254 5091 1324 5165 apud
1340 5106 1478 5150 summum
1491 5092 1647 5163 pontificem
1662 5092 1773 5164 plenius
1783 5093 1898 5152 fulcire·

271 5190 361 5247 nostri
385 5189 553 5261 propositam
580 5188 633 5245 sibi
662 5190 848 5247 conrdilionem
877 5189 1053 5259 implessent,
1105 5187 1163 5239 ῑιιι.

270 5285 360 5342 risum
375 5289 418 5338 est
434 5280 475 5336 cis
493 5272 597 5337 reniale
610 5281 699 5351 magis
717 5286 744 5337 et
758 5281 851 5337 minius
865 5278 1053 5351 improbabile,
1139 5271 1192 5340 Qui
1219 5279 1276 5331 fret
1300 5272 1353 5328 liri
1376 5287 1440 5329 clim
1459 5272 1575 5329 illimem
1602 5274 1755 5342 redimitis
1780 5276 1897 5333 &misti

270 5374 371 5432 minori
384 5374 456 5429 malo
470 5370 559 5442 majas
578 5372 681 5427 botrium
692 5384 888 5441 compensare,
906 5384 987 5441 quam
1005 5384 1057 5425 uo-
1103 5380 1214 5424 causam
1231 5379 1314 5438 quarn
1333 5363 1481 5421 attulerant
1493 5364 1799 5436 adelberexponenten,
1810 5367 1898 5424 domi-

271 5473 327 5522 tum
343 5464 435 5520 crucis
450 5464 616 5534 inexpletum
631 5462 797 5531 relinquere,
811 5467 839 5515 ct
850 5474 946 5530 gressu
966 5465 1055 5516 retro-
1103 5471 1169 5512 num
1185 5468 1283 5525 papam
1292 5452 1445 5510 humillime
1453 5460 1657 5525 rogaueruntut
1666 5462 1766 5511 coacto
1779 5455 1896 5527 flagitis

270 5554 354 5625 grado
379 5554 414 5609 ad
439 5568 504 5609 suas
527 5566 589 5607 cum
611 5557 725 5619 peccato
746 5557 886 5620 reportare
902 5547 1052 5607 infamiam.
1104 5549 1178 5621 quod
1188 5549 1290 5604 milites
1303 5546 1391 5603 nostri
1401 5547 1437 5604 ob
1450 5546 1553 5603 Christi
1566 5547 1699 5604 bonorem
1712 5548 1742 5603 in
1755 5546 1897 5606 Gbristia·

220 5682 228 5703 ·
307 5664 346 5737 (ἓ)
365 5664 528 5721 bfs.vitiose
544 5662 659 5717 Nurroiis
679 5660 823 5734 Adrinque.
840 5660 1056 5732 Suntquiscri·
1104 5658 1190 5715 italus
1204 5656 1294 5712 Adriae
1309 5664 1387 5739 pater
1401 5656 1466 5739 fuit,
1492 5672 1585 5729 aquo
1610 5656 1694 5716 Sinus
1715 5656 1827 5724 ionius,
1846 5662 1897 5730 qai

271 5736 348 5801 bant,
363 5743 393 5790 ut
405 5735 476 5805 apud
491 5734 590 5791 lanum
611 5731 786 5788 Parrhasium
802 5731 1051 5801 frustrabuntur.
1105 5743 1169 5813 mox
1191 5728 1225 5784 ab
1240 5728 1323 5814 bdria
1343 5728 1399 5784 fllia
1417 5727 1509 5788 dictus
1530 5737 1573 5787 est
1590 5728 1757 5788 adornans.
1775 5732 1898 5804 (Canis.)
