4000 6350
122 310 177 369 eds
619 294 828 363 dflbddtddii.
843 328 879 349 n·-
895 293 960 359 titt.
977 298 1082 361 xtttt.
1100 297 1157 356 ΑΝ.
1175 299 1256 359 tute.
1702 298 1757 357 edd

123 430 213 487 terrea
223 426 339 485 restitut
351 432 414 487 erat
436 426 473 485 ad
486 440 610 489 eenmm.
636 426 799 497 draobaertue
824 425 916 481 circu·
928 429 952 485 Α
965 425 1045 479 elmar
1058 430 1085 479 et
1102 422 1196 492 plebes
1208 420 1347 477 adduntur
1362 417 1390 477 iu
1411 415 1553 473 benetieiis
1566 414 1753 475 saecularibus.

122 522 157 576 lis
170 519 269 577 ferreis
283 518 393 575 cinctus
407 516 437 575 iu
453 500 582 590 corpore,
595 527 623 573 et
636 518 741 573 duobus
756 531 805 587 per
818 531 911 573 arrum
964 514 1030 581 Qus
1039 514 1194 571 liberalitas
1209 516 1327 585 pessima
1343 522 1371 569 et
1382 509 1529 584 egentibus
1551 510 1661 577 adimit,
1682 510 1755 565 uude

122 610 313 666 brachiorum.
340 608 391 665 llic
413 617 520 665 armata
549 608 640 679 scopis
661 617 794 677 utraquer
817 621 911 673 manu,
964 608 1078 673 straete
1094 616 1122 663 et
1146 606 1335 667 dioecesaneos
1356 608 1489 671 deterret,
1511 612 1542 661 ut
1564 604 1686 661 decimas
1699 617 1754 661 non

124 704 270 762 duodecim
287 702 419 774 psalteria
436 690 559 758 restibus
573 712 683 767 erutus,
702 710 786 758 tuturus
803 710 912 756 noctem
962 696 1139 766 persolveram
1169 697 1232 753 illos
1260 697 1392 769 occidens
1416 697 1444 753 in
1473 710 1600 768 corpore,
1630 696 1698 753 istos
1726 697 1754 751 iu

123 796 227 851 ducens
240 790 416 865 pervigilem,
432 807 494 847 oum
511 790 557 845 die
576 790 663 847 altera
681 789 827 861 persolvit,
840 790 914 845 etde
964 789 1070 849 anima.
1098 788 1263 845 Florentium
1280 789 1400 846 civitatis
1409 790 1553 861 episeopus
1575 788 1638 847 ludo
1659 790 1756 846 subac—

123 884 208 939 tertio
226 883 337 941 decimo
350 896 436 951 usque
448 882 484 938 ad
498 879 576 936 Beati
591 896 714 951 oaorem.
730 897 740 932 a
760 878 912 950 liuiusriri
965 895 1062 937 corum
1076 880 1198 951 prefuit.
1212 880 1298 950 (turm
1311 896 1362 953 eno
1377 882 1523 952 increpans
1543 882 1633 939 adbuc
1650 881 1756 952 episeo-

122 975 252 1045 exempio
268 990 329 1031 mos
345 974 458 1030 inolevit
478 974 506 1027 iu
522 973 628 1029 uostris
650 971 785 1043 partibus,
808 980 840 1026 ut
858 986 913 1027 non
964 986 1029 1044 pus,
1045 970 1150 1041 intonsi
1165 974 1201 1039 ei,
1219 983 1248 1028 ut
1262 982 1436 1042 percurreret
1453 974 1504 1029 tria
1518 973 1659 1043 psalteria,
1671 989 1704 1029 nc
1719 973 1754 1030 te

122 1064 213 1120 solum
229 1066 292 1132 riri,
308 1066 356 1121 scd
369 1073 398 1121 et
414 1063 522 1121 nobiles
536 1062 667 1121 mulieres
684 1062 767 1133 butus
782 1071 914 1133 puroato-
964 1079 1114 1137 pauperum
1125 1061 1208 1135 perles
1219 1062 1333 1127 lavaret,
1349 1071 1376 1119 et
1390 1080 1439 1121 eos
1462 1064 1602 1127 reticeret,
1616 1075 1643 1119 ct
1656 1064 1753 1136 singu-

124 1156 158 1211 rii
180 1171 270 1227 tetrus
288 1155 428 1211 inhianter
456 1153 620 1225 arriperent.
643 1150 711 1209 Nam
735 1152 831 1209 relicta
857 1150 912 1206 'le-
962 1155 997 1212 lis
1017 1156 1140 1227 singulus
1156 1157 1287 1215 denarios
1302 1158 1404 1224 daret;
1424 1166 1453 1213 ut
1469 1158 1597 1213 manibus
1620 1157 1754 1221 ablueret,

124 1244 222 1312 tbaldi,
238 1244 339 1301 mulier
358 1243 448 1313 manui
464 1242 585 1315 generis,
605 1249 635 1298 et
649 1256 755 1313 ruaouae
768 1237 912 1311 diguitatis
962 1248 1035 1320 quod
1053 1248 1181 1304 manibus
1196 1248 1339 1318 polluerat.
1356 1246 1442 1318 liujus
1465 1250 1598 1319 temporis
1619 1249 1753 1319 orrosdaur

123 1339 220 1396 retulit
235 1336 313 1401 mibi,
325 1351 356 1393 se
373 1350 424 1407 per
443 1336 585 1409 pretinm
596 1334 679 1404 buius
698 1332 851 1403 discipliuae
868 1346 913 1387 re-
963 1352 1044 1393 casus
1065 1338 1218 1404 mirabiles,
1233 1354 1302 1408 quos
1315 1341 1387 1395 idern
1402 1338 1501 1397 Petrus
1512 1340 1663 1395 numianus
1675 1354 1754 1411 spar-

124 1431 215 1503 nularu
235 1439 348 1487 seuluttt
380 1444 515 1483 stittottttn
541 1426 734 1499 portuensium
760 1424 910 1496 Ρθιθιῑδθθ,
962 1430 1061 1490 simin
1094 1432 1173 1487 libris
1200 1432 1260 1489 suis
1284 1441 1391 1499 narrat,
1418 1432 1463 1490 iric
1491 1432 1617 1489 inserere
1642 1433 1754 1503 dinurrm

124 1522 214 1578 tribus
224 1519 434 1591 discipliuarum
449 1518 571 1573 millibus
583 1531 633 1587 tiro
645 1531 701 1572 ttrte
714 1530 787 1571 &litto
802 1528 913 1583 coiittlll·
963 1522 1041 1577 doni,
1059 1522 1116 1578 an
1140 1524 1260 1581 Vonotjgo
1283 1524 1598 1594 constantinopolitam
1612 1525 1690 1581 urbig
1707 1525 1756 1579 lto.

124 1616 202 1671 inliti.
215 1613 291 1671 Talis
302 1613 387 1683 igilur
400 1621 511 1667 centuni
524 1624 661 1665 annorum
685 1608 851 1675 ttoettitettlia
873 1608 911 1664 llll
964 1615 1050 1671 behet
1066 1630 1193 1680 uxorem,
1206 1630 1267 1686 quae
1280 1626 1336 1671 lain
1353 1626 1446 1671 lettere
1460 1625 1487 1671 ot
1503 1623 1559 1671 tam
1578 1614 1698 1671 delicate
1715 1618 1757 1669 vi-

123 1707 248 1776 iut'uucta
265 1714 325 1768 cst;
350 1703 414 1773 utria
439 1702 631 1773 episcopatum
652 1701 797 1756 dimiserat
818 1716 911 1759 amore
963 1704 1055 1773 rebat,
1075 1712 1172 1761 ettam
1197 1706 1347 1762 artificiosa
1366 1707 1507 1776 voluptate
1522 1705 1708 1770 semuiccbat,
1726 1712 1757 1761 ut

123 1793 278 1865 reliniouis,
293 1809 355 1848 cum
368 1802 443 1847 esset
460 1793 539 1847 ualde
563 1790 677 1847 idoneus
696 1790 826 1848 Ecclesia
839 1792 912 1865 reoi-
927 1767 949 1823 B
963 1810 993 1852 sc
1015 1798 1209 1856 communibus
1238 1801 1317 1870 aquis
1343 1800 1540 1869 dedignaretur
1564 1798 1694 1867 abluere;
1707 1799 1756 1855 seul

125 1886 205 1943 nriui.
217 1887 270 1943 Sed
283 1887 343 1957 ipse
364 1885 501 1940 rationem
520 1884 646 1949 reddens,
674 1885 774 1940 multos
800 1885 912 1941 sanctos
962 1888 1023 1957 et'us
1039 1890 1112 1945 serni
1133 1889 1167 1947 de
1184 1905 1246 1946 rore
1261 1891 1324 1947 coeli
1344 1890 1465 1961 undique
1494 1888 1610 1947 collecto
1634 1889 1756 1947 laborio-

124 1993 188 2037 aute
209 1995 239 2035 te
260 1978 404 2034 basidem
430 1978 500 2034 dicit
521 1975 622 2033 fecisse
645 1975 782 2041 Valerius.
809 1975 911 2047 iuqrrit.
962 1995 1024 2035 sum
1039 1982 1065 2036 el
1080 1980 1208 2037 balneum
1224 1983 1426 2053 praeparabant.
1447 1981 1530 2039 cibos
1544 1995 1608 2039 suus
1626 1997 1679 2038 non
1696 1968 1766 2036 tan?

123 2072 308 2143 Hipponensis
319 2072 505 2142 drrtustinuur
519 2069 572 2126 sibi
596 2083 786 2125 successorem
808 2068 912 2125 consti·
962 2071 1058 2143 {rebam
1073 2073 1121 2129 scd
1136 2074 1171 2129 ab
1186 2074 1322 2130 eunuchis
1342 2074 1401 2145 ejus
1419 2074 1549 2130 aliruenta
1570 2088 1686 2143 quaque
1702 2072 1754 2127 mi·

125 2167 191 2223 tuit.
208 2166 340 2224 Lucidius
354 2163 506 2219 Brodeusis
521 2161 684 2217 imminente
697 2160 775 2215 obitu
798 2160 834 2217 ad
855 2173 911 2216 cte·
962 2163 1057 2220 nutius
1082 2165 1301 2221 concidebantur
1324 2166 1351 2221 in
1377 2164 1495 2221 frustula
1510 2183 1517 2220 a
1533 2180 1594 2236 quae
1616 2180 1679 2220 mor
1707 2164 1753 2220 iila

123 2255 236 2312 ambiurn
261 2253 504 2319 corrrolaritrcui,
519 2260 549 2307 ut
572 2252 613 2307 ait
628 2250 781 2323 Gregorius
804 2251 832 2307 in
860 2250 913 2307 lir-
963 2254 1128 2326 quibusdam
1143 2255 1292 2311 luscinuiis
1311 2256 1405 2311 aureis
1420 2264 1449 2311 et
1472 2256 1632 2313 bidentibus
1647 2255 1688 2310 ori
1702 2268 1754 2309 suo

123 2345 218 2416 oirtro,
240 2346 338 2403 beatus
361 2344 488 2401 torreas
503 2344 641 2415 apparuit,
658 2351 687 2398 et
705 2344 802 2399 buram
819 2341 912 2399 obitus
963 2344 1096 2415 liguriens
1110 2345 1268 2403 adhibebat.
1284 2346 1445 2403 Cubiculum
1460 2346 1519 2415 ejus
1533 2355 1572 2402 tot
1584 2345 1754 2403 aromatibus

124 2439 274 2496 nuntiavit.
298 2438 463 2495 edelbertus
480 2438 626 2495 Veniensis
649 2438 795 2509 episcopas
816 2451 914 2493 mona·
962 2446 991 2493 et
1007 2438 1234 2509 thymiamatibus
1243 2439 1393 2503 redolebat,
1410 2448 1439 2493 ut
1455 2439 1538 2493 etiam
1551 2438 1626 2495 dictu
1641 2437 1754 2493 fetidum

123 2533 206 2589 cbum
220 2533 338 2590 induens
352 2532 475 2604 martyrii
483 2532 603 2602 palmam
610 2530 734 2588 iorenire
748 2532 911 2601 promeruit.
962 2531 1011 2597 sit,
1025 2539 1052 2587 et
1066 2532 1161 2588 auditu
1178 2530 1351 2589 incredibile.
1374 2528 1427 2585 Sed
1441 2532 1505 2585 dum
1532 2531 1622 2587 adbuc
1637 2530 1754 2597 vireret,

124 2621 193 2679 item
216 2624 329 2694 quidam
343 2633 455 2679 rarrctus
470 2609 607 2693 ponimns
627 2623 787 2693 episcopatu
798 2619 913 2676 dinrisso
962 2624 1070 2679 vibrato
1090 2638 1173 2693 super
1193 2638 1253 2679 carn
1277 2622 1375 2692 judieii
1405 2636 1538 2679 mucrone
1568 2637 1669 2693 eorpus
1694 2622 1755 2693 ejus

126 2713 235 2769 tandem
257 2714 294 2769 ab
313 2714 411 2785 angelo
426 2713 566 2776 visitatur,
586 2723 616 2769 et
626 2711 741 2784 jubetur
755 2712 791 2767 ad
804 2710 913 2781 episcu·
963 2727 1045 2771 omne
1057 2713 1236 2783 computruit,
1249 2714 1287 2767 ita
1304 2722 1333 2769 ut
1352 2722 1439 2769 toturn
1453 2712 1609 2769 cubiculum
1623 2714 1756 2770 intolera-

124 2816 216 2875 patum
232 2808 334 2876 redire,
345 2807 394 2863 sed
407 2806 518 2872 noluit;
534 2806 623 2861 donec
636 2808 804 2859 admonente
814 2801 912 2859 eodem
962 2806 1014 2863 bili
1028 2805 1120 2863 letare
1136 2805 1294 2876 compleret
1307 2822 1314 2872 ;
1328 2805 1473 2877 nullusque
1485 2805 1559 2861 iilam
1573 2806 1645 2863 terre
1656 2808 1754 2877 potuit,

124 2899 224 2969 atttelo
235 2898 334 2956 beatus
348 2897 490 2970 Remigius
503 2896 637 2955 celeriter
650 2898 770 2963 aduenit,
791 2896 839 2968 qui
857 2897 912 2951 boc
963 2914 1018 2956 non
1035 2908 1169 2965 cosmeta,
1193 2914 1246 2955 nou
1273 2899 1416 2954 servulus.
1433 2896 1486 2953 Vix
1513 2913 1565 2953 trun
1582 2898 1638 2953 sois
1655 2896 1753 2955 :incilia

124 2988 150 3044 ei
164 2988 320 3059 imperarit,
332 2997 362 3045 et
373 2998 440 3043 tunc
453 2990 543 3059 prium
555 2987 688 3046 obedivit.
702 2988 737 3041 Et
750 2986 822 3041 inira
836 3002 844 3039 a
856 2984 913 3039 lle·
963 3004 1018 3046 non
1040 2988 1101 3045 sine
1127 2990 1283 3059 specierum
1311 2990 1493 3045 redolentium
1522 2990 1624 3045 auxilio
1648 2991 1675 3045 iu
1697 2989 1756 3058 et'us

125 3084 178 3139 iius
197 3092 250 3149 est,
265 3084 372 3154 pondus
397 3083 528 3162 abiicere,
555 3098 638 3151 nurum
659 3096 722 3137 cum
745 3080 945 3172 rtetrimentoc
963 3082 1077 3137 seruitio
1105 3081 1254 3147 remansit;
1279 3096 1340 3151 oue
1366 3091 1457 3136 tamen
1482 3082 1581 3152 raptim
1607 3082 1754 3149 accedeus,

126 3178 245 3246 Donriui,
260 3177 338 3246 cujus
353 3192 451 3234 serras
462 3193 535 3244 sum,
547 3178 643 3232 tractis
654 3177 810 3232 cervicibus
825 3172 911 3230 iuter·
965 3174 1067 3232 cursim
1083 3172 1239 3230 recedebat.
1257 3173 1364 3229 Diutius
1379 3173 1430 3229 lroc
1445 3172 1711 3244 lnugrruretlccocta,
1728 3184 1756 3230 et

125 3271 177 3325 ire.
199 3270 275 3326 Unde
298 3269 431 3340 scripturn
450 3279 502 3326 est.
518 3269 608 3336 Quare
627 3285 680 3324 non
712 3268 808 3323 dedbti
832 3282 913 3337 peca-
963 3265 1163 3324 miserabiliter
1190 3267 1327 3336 cruciata,
1350 3265 1447 3322 amicis
1466 3279 1576 3336 (tuoque
1598 3266 1755 3322 laetantibus

125 3363 198 3416 nium
221 3376 305 3416 meant
320 3362 356 3414 ud
379 3377 509 3427 mereant,
530 3373 555 3415 et
582 3376 629 3430 eoo
649 3359 754 3416 veniens
768 3359 912 3429 moisem
964 3357 1036 3412 rilem
1050 3357 1152 3413 clausit
1169 3365 1336 3412 extremum.
1359 3356 1428 3412 lltric
1452 3357 1518 3413 iliud
1543 3365 1634 3428 polest
1655 3357 1754 3427 aptari.

124 3474 184 3514 cern
196 3459 284 3512 aroris
296 3458 386 3528 atione
395 3457 466 3527 qaod
480 3469 567 3508 meum
580 3464 618 3508 ert
629 3449 728 3519 illator.
737 3451 809 3517 sax.)
820 3450 911 3515 idest,
964 3446 1102 3516 Qttoutum
1115 3466 1145 3506 re
1160 3451 1299 3518 recitauit,
1317 3459 1341 3504 et
1355 3450 1381 3504 iu
1396 3449 1498 3504 deliciis
1514 3445 1578 3518 snit,
1593 3450 1756 3506 tnnreu'dnte

125 3553 217 3622 iuquit
236 3551 429 3620 llieroutruus,
460 3547 634 3616 deposuisses
660 3545 694 3600 ad
719 3543 818 3608 altare,
839 3543 913 3612 qaod
962 3542 1006 3596 itti
1021 3549 1180 3596 tormentum
1193 3551 1218 3596 et
1233 3542 1335 3596 lactum
1357 3539 1451 3612 (dpoc.
1476 3539 1566 3612 xvttt).
1587 3541 1620 3595 et
1637 3556 1755 3600 rursus:

126 3644 200 3700 lerrs
211 3657 265 3699 non
276 3651 396 3714 poterut.
411 3641 478 3694 lium
493 3628 568 3696 enim
585 3648 614 3692 tu
631 3638 747 3708 ignarus
758 3635 913 3705 rrctotiator
964 3631 1092 3689 Potentes
1110 3643 1229 3703 potenter
1242 3643 1374 3688 tormenta
1392 3634 1539 3703 patientur,
1560 3643 1584 3689 et
1600 3635 1756 3704 tortioribus

125 3736 269 3792 rlcrrmium
282 3745 368 3801 tenes,
384 3734 502 3789 alterius
521 3732 622 3796 torum,
636 3730 683 3799 oui
704 3727 848 3797 pecuniam
864 3727 911 3780 rin·
963 3723 1042 3793 tortis
1055 3725 1135 3780 inrtnt
1149 3725 1278 3780 cruciatio
1289 3722 1364 3796 (Sap.
1376 3725 1427 3798 nti.

125 3832 233 3901 plicare
254 3837 372 3898 poterat,
386 3825 545 3897 occupasti.
560 3823 657 3880 Nonne
677 3821 749 3892 apud
778 3821 913 3889 quosdam
1000 3815 1102 3886 Soplria
1115 3813 1168 3870 luit
1182 3816 1297 3872 duorum
1311 3815 1497 3871 marchionum
1515 3815 1651 3886 linozostis
1665 3831 1755 3883 soror,

125 3924 270 3992 episcopos
286 3920 406 3990 quotidie
421 3917 527 3988 regales
544 3912 775 3987 contestantium
797 3924 915 3981 apparo·
964 3917 998 3962 et·
1008 3906 1121 3962 llairreri
1140 3906 1208 3962 ilia.
1225 3905 1288 3963 llaec
1304 3906 1367 3963 dnrn
1383 3921 1450 3963 saun
1468 3915 1542 3964 esset
1556 3917 1585 3964 ct
1598 3907 1755 3976 incolumis,

126 4024 182 4076 tus,
201 4011 323 4081 quotidie
335 4009 460 4080 nuptiale
471 4005 650 4064 conririuml
663 4013 692 4060 et
706 4002 780 4058 unde
795 3999 913 4070 rclrite·
964 3999 1044 4073 potiit
1054 3998 1182 4054 abbatem
1194 3995 1292 4056 Sancti
1304 3998 1509 4068 Cirristopbori,
1520 4008 1551 4054 ut
1566 3999 1619 4056 sibi
1632 4000 1755 4068 sepultu-

125 4121 190 4160 raro
203 4103 358 4160 debuerant
380 4101 545 4172 indigentes,
570 4095 821 4160 recreautnrilites,
836 4091 912 4148 etad
965 4109 1024 4148 ram
1040 4091 1178 4148 incudem
1205 4091 1373 4147 ruonasterio
1389 4100 1512 4160 pararet.
1531 4091 1591 4159 Quo
1607 4092 1755 4158 renitente,

126 4214 222 4255 corum
237 4213 359 4256 messam
373 4195 480 4252 deliciis
494 4193 671 4248 alliucntibtrs
683 4188 765 4244 alieni
782 4193 913 4242 ructant:
964 4196 994 4242 et
1007 4184 1081 4242 illurn
1097 4185 1217 4243 delitare
1229 4183 1351 4252 dicente,
1368 4183 1414 4239 illa
1431 4192 1535 4250 tamen,
1552 4184 1616 4238 licet
1630 4183 1754 4250 dillirilc,

127 4307 191 4346 cnm
206 4291 260 4354 illi,
276 4303 394 4360 quornm
408 4296 453 4342 est
468 4295 524 4340 tota
539 4283 693 4340 substantia
708 4280 783 4335 foras
796 4277 913 4340 exclusi,
966 4276 1135 4348 impetrarit.
1165 4273 1280 4332 l'actunr
1303 4284 1346 4331 est
1371 4288 1439 4346 ergo
1465 4274 1621 4345 sepulcrum
1645 4275 1705 4347 ejus
1729 4276 1755 4332 iu

126 4382 311 4452 ianuisinopia
326 4379 524 4437 contabescunt
540 4385 589 4433 :et
600 4375 673 4446 orrod
685 4372 851 4430 diabolicam
872 4369 914 4425 ri·
965 4369 1088 4423 claustro
1105 4368 1312 4424 monachorum.
1328 4366 1406 4434 Quod
1432 4364 1476 4422 iiia
1496 4381 1557 4422 ntor
1581 4374 1612 4422 ut
1633 4367 1756 4436 ingressa

127 4476 208 4532 detur
222 4487 331 4546 aequare
346 4471 493 4540 maiitiam,
507 4471 617 4541 turadiis
630 4469 657 4522 iu
674 4466 770 4522 militia
784 4462 914 4534 pradina-
929 4453 953 4514 b
966 4459 1122 4528 conspexit,
1136 4458 1230 4514 nescio
1244 4471 1299 4528 quo
1320 4457 1368 4514 bei
1380 4456 1486 4527 judicio
1506 4457 1695 4528 mnritrnliueur
1714 4457 1756 4512 in·

127 4567 176 4633 tis,
190 4567 321 4638 omnious
334 4566 509 4636 possessione
528 4573 677 4625 terrarum,
700 4559 813 4630 insuper
826 4567 855 4612 et
868 4556 916 4612 de·
966 4548 1068 4616 currit:
1082 4558 1109 4606 et
1123 4548 1205 4620 paulo
1218 4555 1281 4620 pest
1295 4546 1407 4604 abortiit
1421 4556 1448 4604 et
1463 4547 1518 4604 obii
1523 4555 1543 4613 t,
1555 4558 1583 4602 et
1597 4547 1697 4603 ibidem
1712 4563 1756 4603 se

127 4746 308 4810 licliuandrrs.
336 4744 416 4812 Ostia,
439 4745 537 4811 innuit,
560 4741 677 4797 relutarl
698 4739 914 4798 ecclesiasticum
965 4736 1085 4808 Quodsi
1108 4733 1277 4792 liclinandus
1295 4732 1400 4814 putarit
1423 4731 1497 4786 illurn
1518 4738 1583 4812 tunc
1596 4731 1755 4814 pontificem

127 4823 250 4894 renirneu
265 4815 358 4886 (idest
379 4815 442 4883 quia
470 4829 559 4866 meum
587 4813 774 4880 episcopatum
801 4810 912 4879 dimisi),
966 4808 1062 4872 luisse,
1085 4806 1188 4860 errarit
1211 4804 1299 4858 solum
1323 4803 1351 4857 iu
1370 4810 1579 4856 ctrcurustantrn
1596 4811 1711 4856 nettours
1728 4803 1758 4856 ll·
1824 4813 1829 4830 ι

127 4901 237 4950 centum
260 4900 391 4941 antrorum
412 4883 571 4952 trmrritcutia
590 4883 655 4934 milri
671 4881 791 4951 trorrnrta
803 4888 856 4943 est,
871 4893 915 4933 sc-
965 4878 1028 4940 lius,
1045 4889 1125 4945 quarn
1141 4873 1236 4937 relcrt,
1258 4887 1307 4926 nec
1327 4881 1471 4952 propterea
1492 4869 1582 4952 labulu
1600 4879 1642 4924 cst
1667 4872 1757 4954 porni-

128 4962 247 5018 cundnm
272 4955 390 5009 remedia
411 4951 509 5022 regulae
532 4951 770 5005 mormsterinrum.
789 4967 799 5000 r
826 4949 913 5002 l'erira
966 4947 1050 5002 tentia
1063 4945 1108 4997 illa
1126 4943 1176 4997 ted
1192 4956 1324 4995 annorum
1341 4941 1423 4994 Petro
1439 4949 1572 5011 rrupoarta.
1590 4939 1655 5007 ono
1669 4955 1756 5010 poeur-

129 5039 194 5087 snut
215 5042 270 5083 uun
293 5024 449 5084 ilelinandi,
466 5022 514 5076 seri
538 5021 610 5076 Petri
628 5021 751 5074 Darniaui
767 5019 800 5070 ad
825 5018 916 5072 iiilrie-
966 5017 1049 5071 tentia
1068 5013 1205 5082 quomodo
1217 5009 1496 5078 implereturetisrna
1517 5009 1643 5066 delicatis
1663 5020 1691 5065 et
1709 5027 1757 5066 uo·

128 5101 274 5159 brundam.
289 5098 390 5150 dtuon
411 5094 477 5147 dicit
497 5090 605 5156 Petrus,
627 5105 677 5144 uec
699 5092 762 5143 item
787 5087 915 5140 liuliuau-
965 5084 1065 5140 bilibus
1081 5081 1199 5142 leminis,
1216 5081 1276 5133 tide
1289 5082 1359 5147 aptul
1375 5081 1499 5136 errrrulcm
1518 5081 1627 5134 Petrum
1648 5080 1675 5134 in
1698 5079 1755 5151 ipsa

129 5174 191 5233 dus,
214 5166 402 5238 poeniteutiam
424 5163 497 5216 illam
516 5156 915 5226 luissenlripsulliidebrando
965 5153 1079 5224 epistola
1110 5149 1145 5204 ad
1175 5149 1394 5204 llildebramlum.
1426 5149 1479 5206 Sed
1509 5153 1622 5204 arircrte
1653 5152 1754 5204 rutilam

130 5236 361 5308 lotnartensium
378 5234 529 5304 notrosittrm
545 5231 643 5292 irrrurit,
660 5243 722 5283 curu
736 5235 763 5280 et
779 5227 830 5280 boe
843 5225 915 5279 scri·
965 5225 1129 5278 mentionem
1144 5222 1214 5288 apud
1232 5219 1303 5278 lrrttre
1318 5228 1439 5274 nostrum
1455 5230 1596 5277 auctorem
1614 5221 1672 5274 lieri
1688 5235 1756 5287 port·

129 5312 187 5373 bat,
208 5309 285 5364 attasi
310 5305 347 5359 ilii
366 5309 455 5358 rutrum
469 5311 572 5358 notuut.
587 5300 688 5356 Deinde
700 5297 789 5366 potuit
813 5295 914 5363 imponi
967 5293 1047 5350 titicis
1062 5291 1178 5353 lernirtur,
1192 5301 1239 5344 seu
1254 5289 1366 5358 pantana
1383 5289 1505 5358 lumurar,
1521 5293 1583 5362 quia
1604 5289 1753 5368 iniuriarilla

177 5361 289 5434 rrit'eutia
305 5376 349 5430 illu
366 5375 400 5429 ab
415 5371 608 5432 llildebraudu,
631 5379 761 5437 tanquam
779 5364 915 5436 pontilicis
966 5364 1084 5418 norrdum
1100 5370 1159 5415 erat
1178 5359 1309 5416 fabricata
1323 5376 1330 5413 ι
1345 5363 1391 5414 sed
1413 5376 1464 5416 uec
1478 5362 1598 5417 doctoris
1616 5361 1754 5414 Parisren-

129 5394 220 5519 lgna
240 5461 295 5516 quo
319 5459 431 5499 tuuuere
452 5453 516 5497 aute
531 5439 716 5512 pontificatum
740 5435 913 5506 lrrrrnebatur'.
965 5435 1004 5489 sis
1019 5431 1064 5502 orti
1079 5447 1095 5486 e
1111 5431 1213 5486 leretro
1229 5439 1310 5498 carnut
1326 5433 1455 5496 erexerit,
1472 5447 1532 5486 rum
1551 5429 1690 5485 oratiours
1705 5443 1754 5506 pru

129 5520 221 5582 bicos,
229 5525 321 5570 narrat
339 5515 433 5570 Petrus
448 5513 520 5568 illam
536 5505 916 5582 poeuiteotiamllilrlebrando
965 5517 999 5560 eu
1018 5506 1135 5558 rrornlnm
1157 5499 1290 5556 trrarntato
1304 5499 1401 5554 llercut
1415 5501 1441 5554 lu
1457 5500 1583 5554 eeclesia.
1597 5497 1662 5565 Quae
1682 5507 1754 5552 acto

129 5589 269 5661 porrtiiiei;
285 5593 314 5640 et
335 5595 424 5640 tamen
452 5583 556 5637 obierat
582 5590 727 5649 arrteouam
756 5575 916 5630 lliidcbrun·
967 5583 1022 5629 tarn
1047 5571 1231 5628 ruerrrornbilis
1250 5571 1272 5624 si
1293 5568 1317 5624 ei
1341 5577 1368 5648 et
1392 5571 1534 5636 sigeberto
1549 5579 1611 5622 truta
1626 5565 1685 5650 luit,
1703 5568 1754 5621 uti·
1846 5569 1851 5583 '

129 5661 181 5713 dus
198 5659 276 5712 lueret
297 5655 429 5724 pontilen.
446 5651 615 5721 Respondcu,
635 5657 730 5704 narrat
745 5661 807 5703 eant
825 5644 915 5700 llilde·
967 5659 1027 5698 rum
1051 5642 1129 5695 ualde
1148 5653 1189 5696 cst
1210 5640 1245 5691 ab
1267 5639 1307 5694 cis
1331 5637 1415 5718 lusisse
1430 5639 1657 5708 praeurrrrissarm
1677 5651 1753 5709 tgna·

130 5729 234 5785 braudo
248 5727 294 5798 qui
309 5726 359 5783 luit
372 5735 464 5796 postea
478 5721 610 5795 pontiler,
624 5735 676 5778 uon
691 5718 737 5792 qui
753 5728 817 5772 tunc
831 5724 913 5772 esset.
969 5723 1023 5770 tam
1040 5724 1129 5769 nutem
1145 5713 1184 5768 cis
1197 5709 1288 5775 luisse,
1307 5722 1392 5777 matrs
1409 5711 1573 5764 mirandum.
