4000 6350
119 349 173 404 ιιι
401 301 403 308 ’
423 346 467 400 us
485 345 602 412 cunr,
622 346 733 405 setun.
754 347 799 404 nr
818 348 987 410 scansus.
1007 383 1043 395 -
1064 353 1127 414 mu.
1150 357 1446 432 transcussione.
1689 382 1742 440 ssa

118 464 186 534 piet,
212 465 240 517 et
266 459 349 517 situm
372 459 492 530 ignorat.
524 457 623 516 Omnia
651 460 784 526 condidit,
808 461 905 533 agendi
920 468 942 524 Λ
957 461 1025 529 Quae
1041 467 1132 522 omnia
1146 467 1250 524 iaciunt
1271 473 1384 544 adeius
1405 478 1445 534 rei
1462 493 1547 550 quant
1565 482 1743 550 disimusas·

117 561 222 606 ructum
238 549 384 621 ignoranm
401 549 498 606 otnnia
522 551 650 618 sustinet,
676 553 767 608 omnis
785 552 903 610 inscium
956 551 1122 619 sertionem,
1145 572 1282 616 summunt
1308 562 1374 622 illud
1400 566 1502 622 bonum
1526 570 1560 626 de
1583 588 1638 643 quo
1661 579 1742 637 nobis

115 642 265 714 passionis.
280 639 322 696 iis
343 640 388 698 bis
413 641 542 698 omnibus
565 651 639 713 patet
666 643 719 700 boc
743 647 847 702 bonum
871 645 905 704 de
955 657 1048 700 sermo
1061 653 1115 710 est,
1129 661 1181 702 nec
1198 651 1381 708 substantiam
1395 669 1459 714 esse
1482 641 1539 716 nee'
1553 663 1691 724 accidens.
1708 666 1742 726 [ι

115 749 172 804 quo
185 735 305 805 agimus,
326 733 402 805 quod
416 747 471 788 non
488 731 563 788 aliud
581 749 664 805 quam
688 733 761 794 licus
779 746 838 806 cst;
853 751 905 794 nec
954 734 1082 792 accident
1096 736 1207 808 quiden
1228 751 1340 812 propter
1359 745 1512 805 evidentem
1534 752 1573 810 rei
1595 753 1740 819 talem„

114 842 180 883 vore
194 841 269 893 esse,
284 840 338 883 ncc
349 827 458 898 proprie
471 825 526 882 dici
539 825 735 894 substantiam,
751 845 813 886 curn
835 829 903 886 nibil
954 826 1091 883 nominem
1104 827 1434 900 dicturum-arbitramur,
1449 839 1503 896 nisi
1520 840 1590 900 lorte
1606 847 1654 916 qui
1668 848 1742 906 insa·

115 917 151 973 de
165 917 215 973 illo
241 918 410 974 accidentale
430 918 518 974 valeat
544 917 699 988 predicari.
729 917 808 986 Quod
830 921 903 978 euim
953 916 1021 974 nist.
1037 914 1197 974 Substantia
1208 935 1273 976 uero
1292 923 1317 978 si
1333 925 1444 994 quando
1459 928 1685 1007 diciturproptsr
1697 941 1741 996 Ιο-

115 1009 172 1064 tale
186 1018 230 1064 est
249 1016 279 1066 ut
290 1009 359 1065 nibli
373 1007 398 1066 ei
411 999 621 1068 accidentaliter
635 1011 723 1067 ualeat
743 1013 901 1079 convenire,
952 1004 1054 1074 queudi
1063 1007 1267 1077 nenessitatem,
1282 1011 1374 1068 diuina
1385 1016 1509 1084 quedam
1522 1024 1551 1076 st
1561 1024 1682 1082 caelestia
1696 1035 1739 1085 ω

116 1099 146 1154 id
180 1114 234 1156 nec
256 1098 410 1156 substantia
446 1099 557 1170 quidem
584 1113 706 1170 congrue
734 1101 901 1158 nominatur.
953 1094 1123 1164 blaedlttlitb
1137 1098 1209 1154 eled
1227 1098 1273 1155 illa
1289 1102 1514 1175 pbilosophorum
1528 1113 1738 1180 predicamentis

117 1185 277 1245 Substantia
288 1189 387 1259 quippe
401 1202 434 1244 ct
445 1189 558 1245 eudicta
573 1196 625 1256 cst,
638 1189 710 1260 qnod
726 1191 845 1255 substat,
861 1197 903 1246 at·
952 1201 1008 1242 non
1021 1189 1173 1258 pertinens.
1189 1189 1275 1247 Simili
1288 1195 1395 1252 ratione
1409 1196 1443 1252 de
1453 1201 1579 1260 omnibus
1589 1203 1643 1260 illis
1656 1222 1738 1264 voca.

115 1293 171 1348 que
185 1277 311 1336 subditur
338 1277 487 1333 accidenti.
511 1277 597 1335 llulto
617 1281 709 1336 minus
731 1285 822 1338 autern
849 1281 902 1338 boe
953 1277 1025 1333 bulis
1039 1280 1211 1337 sentiendum
1225 1291 1279 1352 est,
1289 1286 1388 1356 quibus
1404 1287 1478 1345 circa
1492 1288 1576 1346 Deum
1597 1301 1737 1355 transum—

114 1369 208 1438 ipsum
236 1368 339 1424 bouum
371 1369 500 1425 accidens
525 1369 618 1426 vocari
646 1371 747 1437 debet,
774 1385 836 1428 cum
855 1385 902 1426 ao·
953 1371 1026 1440 ptiue
1046 1377 1074 1427 et
1094 1374 1220 1443 precario
1241 1375 1441 1446 quodammodo
1459 1381 1500 1436 uti
1525 1387 1735 1454 consuevimus,

112 1459 209 1516 cidens
245 1460 402 1516 substantia
434 1475 468 1517 eu
508 1462 647 1532 indignius
661 1462 717 1524 sit,
743 1463 816 1534 quod
849 1463 902 1519 boc
951 1460 1043 1531 qualia
1064 1470 1130 1518 sunt
1151 1464 1227 1522 ista:
1251 1475 1360 1533 natura,
1382 1482 1437 1534 res,
1452 1474 1583 1543 essentia,
1594 1477 1736 1550 majestas,

111 1549 168 1604 nisi
183 1549 211 1604 in
224 1551 271 1604 iila
289 1565 351 1607 esse
366 1565 420 1606 non
441 1553 547 1622 possits
565 1553 671 1610 scilicet
689 1567 753 1609 rnox
775 1561 805 1608 ut
819 1555 855 1610 ab
869 1569 900 1611 ea
952 1549 1051 1615 virtus,
1066 1561 1147 1622 atque
1157 1555 1289 1625 potentia,
1304 1564 1332 1612 et
1350 1558 1483 1630 quidquid
1496 1564 1598 1632 poterit
1610 1569 1737 1638 reperiri.

114 1641 286 1705 discesserit,
299 1643 483 1714 eustinguitur
500 1651 528 1699 ct
549 1645 636 1714 perit:
656 1645 788 1701 bucnero
804 1644 846 1701 rei
868 1659 902 1702 eo
951 1637 1089 1712 Quidquid
1114 1642 1199 1714 igitur
1220 1645 1254 1700 de
1273 1641 1320 1700 ilia
1342 1647 1472 1706 inellabiii
1489 1654 1589 1708 surnmi
1608 1655 1674 1712 boni
1687 1673 1736 1714 na-

113 1739 248 1800 praseote
267 1731 310 1788 sel
331 1730 457 1796 absente,
483 1733 641 1804 incorrupta
656 1742 800 1804 permanet
818 1741 901 1806 atque
952 1737 1014 1786 tura
1035 1733 1197 1791 mortalibus
1224 1737 1314 1793 uerbis
1337 1738 1429 1797 dicere
1453 1747 1605 1812 tentamus,
1632 1745 1736 1805 similes

113 1823 251 1880 courtistit.
271 1822 376 1881 ttbedo
396 1825 497 1910 quippe
510 1825 629 1882 bominis
644 1841 698 1881 non
715 1825 768 1883 nial
786 1827 814 1884 itt
837 1826 901 1881 albo
915 1796 937 1854 Β
951 1835 1047 1880 turnus
1072 1823 1297 1894 balbutientium,
1316 1830 1369 1885 nisi
1395 1832 1469 1902 quod
1492 1832 1532 1888 ilii
1555 1835 1735 1896 elementares

114 1912 308 1971 susurrasse
330 1921 438 1986 potem
461 1921 488 1970 et
513 1916 555 1972 sn
578 1918 691 1973 annino
715 1917 806 1974 ceusu
836 1931 900 1974 cun
949 1912 1061 1984 quaen
1082 1929 1166 1971 sams
1188 1917 1268 1987 psus
1289 1917 1409 1978 tornare
1435 1937 1491 1979 non
1516 1925 1617 1991 vatent,
1642 1943 1734 1986 nrum

115 2001 188 2059 idem
202 2003 285 2060 bomo
303 2005 382 2061 albus
404 2021 467 2063 esse
491 2005 602 2062 desierit
626 2025 633 2062 ι
660 2007 743 2064 bomo
765 2023 830 2064 uero
860 2010 899 2064 si·
950 2009 1041 2058 tutem
1055 2004 1205 2076 perlectam
1218 2008 1283 2064 binc
1296 2010 1437 2080 notitiatn;
1451 2029 1581 2072 notrem
1592 2032 1735 2077 sermones

115 2094 181 2158 bus,
196 2094 278 2152 etiarn
300 2097 444 2154 recedente
468 2097 602 2164 albedine,
623 2099 798 2156 nibilominus
818 2100 900 2156 bomo
950 2092 1056 2165 integro
1078 2095 1244 2166 pmlerimus
1268 2114 1352 2165 ⁸⁰⁰⁰,
1375 2101 1425 2158 wll
1443 2118 1504 2173 (tute
1527 2106 1583 2161 illia
1603 2109 1735 2180 explicari

119 2195 277 2256 peremerat
298 2194 325 2243 at
354 2198 501 2260 permanet.
529 2187 617 2246 Taceo
645 2205 719 2248 nunc
736 2191 801 2248 iliud
825 2192 899 2263 quod
949 2182 1050 2240 &libelii
1060 2185 1199 2243 intellectu
1213 2203 1312 2259 etitem
1335 2203 1392 2246 non
1411 2192 1545 2253 vtkmua.
1560 2194 1648 2267 Atque
1673 2197 1734 2256 ides

91 2275 260 2332 ‘uerissime
281 2277 389 2348 quidem
411 2278 463 2334 dici
489 2287 600 2351 posset,
627 2281 700 2352 qued
718 2295 813 2338 omnes
843 2289 899 2338 tam
949 2291 1030 2346 quern
1043 2277 1082 2332 ilii
1095 2277 1231 2334 delectum
1249 2281 1391 2351 patiuntur
1410 2283 1439 2337 in
1453 2285 1577 2356 syllabis,
1589 2302 1641 2345 nos
1663 2293 1736 2360 pati·

111 2365 275 2422 substantie
289 2383 369 2438 quana
391 2367 539 2425 accidentia
554 2386 587 2426 ca
609 2378 730 2442 ternpore
742 2371 897 2443 incipiunt:
948 2382 1012 2422 mur
1026 2369 1054 2424 iu
1069 2368 1153 2427 rebus
1173 2370 1251 2442 ipsis.
1265 2369 1333 2427 Naso
1347 2379 1376 2428 et
1395 2372 1460 2429 iliud
1481 2376 1553 2445 quod
1573 2377 1672 2436 dicturi
1686 2395 1735 2438 su·

109 2463 141 2511 et
170 2455 227 2512 base
249 2459 358 2527 quidem
384 2460 474 2514 omnia
502 2468 530 2516 et
558 2461 665 2518 illarum
693 2463 900 2534 quamplurinas
948 2459 1442 2530 mus,licetrerumsit,miouslorte
1454 2452 1734 2526 rudiusts‘absonun

112 2555 238 2619 tempure
260 2549 406 2608 liniuntur.
430 2549 499 2606 cum
519 2552 592 2608 cuim
620 2562 730 2609 uerutum
758 2552 839 2610 luerit
864 2553 898 2609 ad
949 2548 1093 2616 rideatur:
1115 2549 1200 2607 licum
1216 2552 1322 2609 scilicet
1342 2567 1394 2609 nec
1412 2569 1476 2612 esse
1493 2571 1545 2612 nec
1570 2572 1667 2629 posse,
1682 2573 1734 2618 nes

113 2637 193 2692 ilium
224 2639 383 2696 aternitatis
404 2647 523 2707 statum,
544 2640 590 2697 ubi
619 2643 686 2700 nibil
712 2645 899 2714 temporaliter
947 2639 1041 2698 livere
1061 2655 1112 2697 ¹0⁰
1127 2657 1251 2713 redum·
1272 2652 1400 2701 timebit
1414 2645 1462 2700 5¹1⁰
1478 2661 1560 2704 ⁸⁰¹¹⁸¹¹
1578 2649 1733 2718 “Willis

112 2725 156 2780 rcl
182 2725 276 2782 adesse
304 2729 404 2798 poterit
436 2731 478 2786 vel
505 2731 620 2795 abesse,
647 2733 719 2802 quod
748 2733 898 2793 accidentis
947 2745 1004 2801 uuo
1019 2730 1073 2787 itit
1092 2732 1126 2788 tle
1146 2732 1303 2790 boninitas
1326 2734 1520 2806 predicantur.
1534 2737 1733 2810 Nequetamen

111 2821 172 2878 cst,
203 2815 354 2872 accideruia
381 2818 490 2889 penitus
517 2819 693 2890 atterentur,
719 2826 746 2878 et
768 2823 898 2880 substan·
947 2821 1048 2879 bacea
1062 2821 1218 2879 bissinilia
1234 2823 1270 2880 de
1284 2825 1345 2896 ipso
1358 2823 1428 2882 laiso
1441 2827 1484 2882 rei
1501 2827 1620 2886 inaniter
1633 2830 1733 2890 dicuu-

112 2905 213 2960 tiarunr
234 2909 460 2980 quamplurium
481 2911 618 2983 digniores
641 2928 707 2970 tero
738 2915 898 2974 substantie
948 2912 1205 2978 consustinuit«
1225 2923 1253 2970 el
1275 2916 1338 2988 pie;
1361 2917 1410 2974 tel
1429 2923 1521 2974 lamet
1546 2935 1596 2990 pro
1618 2924 1734 2982 materia

90 3058 97 3072 ,
113 2998 186 3052 reiut
197 3000 285 3070 angeli
302 3008 330 3056 et
349 3001 448 3058 animas
461 3011 489 3060 et
506 3019 621 3075 cnrpqra
640 3011 734 3062 nostra
747 3007 897 3077 piorilicata
948 3005 1040 3062 ninus
1057 3001 1224 3061 subicientes
1240 3013 1267 3062 et
1280 3006 1373 3078 dique,
1388 3009 1517 3079 quoniam
1531 3025 1628 3066 eorum
1644 3013 1731 3084 siqni-

111 3087 140 3149 in
163 3100 322 3160 perpetuum
345 3093 551 3163 permanebunt.
574 3093 613 3150 Et
633 3095 733 3166 quibus
748 3097 931 3183 praemissisc
949 3091 1038 3150 licatio
1049 3093 1084 3150 ad
1096 3093 1170 3150 illam
1183 3093 1281 3151 divinae
1292 3103 1397 3152 naturae
1409 3099 1556 3169 puritatem
1565 3114 1733 3172 consurgere

110 3181 202 3252 colligi
230 3191 318 3253 potest
340 3184 392 3241 boc
417 3184 518 3243 bonurn
540 3186 574 3243 de
598 3202 653 3257 quu
674 3188 816 3259 quaritur,
844 3204 895 3247 nec
947 3198 1002 3239 nun
1013 3191 1113 3255 potest.
1128 3184 1215 3255 Cujus
1230 3186 1269 3241 rei
1283 3186 1391 3243 uidetur
1404 3188 1463 3257 ipsc
1477 3186 1608 3245 bunnnua
1622 3190 1732 3249 dedisse

109 3274 291 3331 substantiam
307 3292 369 3333 esse
383 3293 433 3334 nec
453 3276 582 3334 accidens
596 3294 604 3331 ι
616 3294 648 3335 ae
658 3294 707 3350 per
720 3280 772 3336 boc
785 3282 818 3336 ad
833 3282 896 3337 nui·
947 3276 1027 3333 robis
1042 3274 1185 3344 indicium,
1208 3290 1272 3331 cum
1289 3275 1326 3333 ιΙο
1346 3277 1418 3331 rutbo
1436 3276 1592 3349 loquerettu
1606 3279 1639 3335 ad
1656 3279 1732 3352 Moy·

110 3363 168 3419 lunt
184 3378 277 3421 eorum
294 3367 565 3438 pmdicamentorum
578 3384 639 3440 quae
649 3376 768 3427 tractant
782 3369 895 3444 Peripa·
946 3381 1006 3434 scu,
1022 3368 1060 3424 ita
1074 3368 1170 3425 dicens
1184 3383 1191 3421 :
1205 3366 1264 3438 b'qo
1286 3384 1346 3425 asts
1358 3368 1404 3439 qui
1427 3382 1497 3425 sam.
1512 3367 1559 3425 b's‘c
1579 3368 1651 3425 dices
1665 3371 1731 3439 filiis

108 3456 185 3511 tctici
200 3460 346 3528 pertinere.
360 3456 481 3527 Quorum
497 3474 620 3517 summus
635 3470 793 3531 praeceptor,
808 3460 895 3519 idem-
946 3459 1052 3515 irruet:
1061 3460 1115 3529 θοι·
1132 3470 1173 3514 eat
1184 3460 1257 3515 nisit
1271 3476 1313 3514 ns
1326 3459 1362 3515 od
1375 3476 1421 3517 roa
1436 3458 1535 3530 (tired.
1550 3459 1604 3531 ιιι).
1617 3458 1733 3518 lidettu

107 3539 237 3619 quereri
258 3550 455 3623 sagacissimus
478 3550 593 3607 rimator
613 3551 774 3609 Aristoteles
801 3552 894 3611 omnia
944 3551 1019 3607 enitn
1040 3550 1083 3608 itis
1098 3551 1189 3607 verbis
1212 3550 1336 3606 innuisse
1357 3550 1523 3621 singularem
1543 3548 1688 3622 quemdam
1702 3560 1731 3607 ct

106 3656 172 3712 quae
185 3640 304 3697 humanu
317 3656 400 3699 seusu
422 3643 526 3714 putarit
550 3656 631 3714 posse
645 3640 849 3713 cumprehendi,
865 3644 893 3701 in
944 3644 1086 3715 proprium
1100 3643 1227 3699 csscntiae
1247 3658 1305 3699 suae
1324 3640 1453 3705 modum,
1468 3652 1599 3713 tanquam
1614 3644 1637 3699 si
1655 3644 1718 3699 dice

107 3732 181 3789 duas
192 3732 233 3805 (ut
252 3732 289 3788 ita
302 3733 403 3806 dicam)
421 3732 546 3790 distinxit
565 3746 656 3789 rerum
677 3741 806 3798 naturas,
828 3734 894 3791 sub-
943 3740 1006 3789 ret:
1022 3732 1079 3805 spa
1089 3732 1137 3804 qui
1152 3735 1231 3789 aliter
1245 3746 1399 3803 sumquaur
1410 3732 1453 3788 rel
1464 3743 1493 3788 tu
1504 3733 1548 3789 uel
1560 3734 1598 3789 iili
1614 3734 1649 3789 ad
1659 3749 1730 3804 quos

105 3816 217 3881 stantiae
232 3824 335 3882 scilicet
354 3833 382 3883 et
393 3825 552 3885 accidentis.
575 3824 654 3891 Quod
672 3825 781 3895 quidem
797 3826 895 3883 rectis·
943 3824 1075 3888 mitteris:
1096 3824 1144 3894 qui
1165 3823 1246 3894 iunge
1261 3823 1357 3893 purius
1373 3829 1403 3878 et
1424 3822 1537 3893 dignius
1555 3838 1617 3879 sunt
1639 3823 1731 3892 quati·

105 3917 178 3971 sinte
207 3916 355 3972 arbitratus
376 3924 419 3971 est
439 3918 480 3971 rir
502 3916 592 3987 rnaqni
617 3916 736 3987 pecteris
754 3922 781 3970 et
800 3930 891 3973 rerum
942 3914 1376 3984 betcrcatura3cujusessentiae
1390 3914 1465 3968 nulia
1479 3920 1569 3984 potest
1587 3914 1730 3969 aliacom·

106 4004 275 4062 naturalium
300 4006 415 4077 diligens
438 4008 595 4078 inquisitor,
619 4014 649 4062 ut
671 4020 753 4063 untne
771 4006 797 4062 id
818 4008 890 4079 quod
942 4006 1045 4078 parari.
1064 4004 1196 4062 Siceuim
1219 4006 1293 4076 loqui
1312 4004 1506 4062 consuevimus
1525 4018 1588 4063 cum
1603 4004 1729 4061 volumus

106 4098 236 4152 lunnanm
252 4097 375 4167 subiacet
387 4097 537 4167 cognitioni
556 4104 603 4153 aut
616 4112 677 4153 esse
691 4097 892 4164 substantiam;
941 4096 1097 4167 quempiam
1122 4096 1151 4151 in
1174 4096 1257 4151 rebus
1279 4094 1418 4166 aliquibus
1444 4095 1506 4151 aliis
1528 4094 1727 4167 praelercndum

105 4196 154 4243 aut
181 4188 208 4242 iu
229 4188 288 4259 ipsa
311 4202 372 4245 esse
392 4187 544 4245 substantia
569 4188 689 4244 dubitari
712 4202 766 4243 non
794 4186 890 4259 p'ossit.
940 4187 1221 4244 ‹remonstrare21sts
1242 4196 1281 4243 ert
1302 4186 1348 4257 qai
1366 4195 1477 4253 cuntot,
1491 4188 1538 4258 qsi
1564 4188 1657 4252 escrit,
1682 4191 1729 4257 qrtt'

105 4276 138 4332 Et
168 4278 329 4335 substantiis
362 4278 470 4348 quidem
503 4279 631 4335 omnibus
661 4286 789 4349 tanquam
824 4294 892 4349 pau-
940 4290 1049 4351 pupnat,
1062 4281 1143 4336 idest
1152 4279 1355 4351 elegantissime
1364 4286 1466 4344 motat,
1478 4279 1726 4347 mterrimecuntt,

103 4368 229 4425 rioribus
255 4368 306 4424 sub
326 4386 381 4424 unu
403 4370 620 4441 pmdtcanento,
641 4369 790 4441 eodemque
810 4384 892 4440 pene·
942 4380 1045 4445 pugnat
1064 4372 1221 4428 iustissime.
1238 4372 1306 4427 Cum
1320 4372 1413 4443 itaque
1425 4370 1499 4427 nutis
1520 4370 1653 4427 vocabola
1667 4386 1729 4442 que

104 4460 244 4515 ralissimo
268 4459 392 4520 retentis,
417 4459 565 4516 accidentia
585 4474 700 4531 quorum
720 4459 811 4525 major
832 4466 891 4516 crat
906 4462 928 4519 b
942 4462 984 4519 rel
998 4461 1055 4518 sint
1068 4462 1110 4517 uel
1127 4463 1163 4517 ab
1175 4462 1286 4517 bomine
1298 4460 1447 4532 excogitari
1468 4460 1574 4531 possint
1588 4466 1672 4515 tunae
1686 4462 1728 4519 roi

104 4564 257 4617 numerus,
281 4549 381 4621 quippe
406 4565 469 4605 cutu
498 4564 551 4604 una
581 4549 734 4605 substantia
761 4548 892 4619 plurimu·
943 4562 998 4610 tntu
1025 4552 1145 4625 simplici
1170 4551 1356 4625 siqnilicanter
1373 4550 1558 4623 exprimendae
1574 4550 1726 4617 οιιῦὶοἱιιιις

103 4655 168 4693 rurn
190 4638 227 4695 sit
251 4640 432 4695 accidentium
451 4654 538 4710 capax
558 4658 565 4692 ε
586 4640 612 4694 in
637 4652 735 4694 norem
760 4638 893 4709 praedica·
940 4646 1137 4716 congntentius
1150 4652 1241 4701 tamen
1256 4645 1298 4700 net
1319 4644 1410 4701 minus
1430 4642 1580 4716 improprie
1601 4630 1728 4701 ridentur

104 4720 200 4787 ntcn'ta
223 4746 283 4802 quas
312 4730 398 4787 Greci
430 4732 602 4803 cathegorias
632 4736 747 4797 vocant,
781 4738 892 4801 propter
941 4736 987 4791 iiia
1002 4735 1291 4808 squamosusque
1304 4736 1403 4793 tollunt
1425 4743 1453 4791 ct
1467 4742 1618 4800 removent,
1634 4735 1726 4805 qualit

102 4822 263 4878 differentes
298 4838 393 4878 eorum
432 4821 548 4885 modos,
582 4821 634 4878 ⁸¹1¹)
665 4819 777 4877 lotidem
810 4834 891 4890 sent·
941 4828 1077 4885 suntbac
1094 4830 1228 4885 nomina:
1250 4828 1666 4893 increatus,incummutabilis,
1683 4830 1726 4883 iu-

102 4912 252 4971 ralissinris
281 4914 427 4983 dispersit;
460 4926 576 4984 quorum
608 4911 802 4982 appellationes
832 4910 891 4967 istae
941 4917 1066 4983 risibilis,
1079 4925 1107 4973 et
1125 4917 1169 4974 bis
1189 4918 1305 4984 similia;
1325 4932 1386 4991 quae
1400 4917 1484 4972 etiam
1498 4917 1631 4988 privativa
1652 4932 1727 4973 cotu-

101 5014 194 5061 sunt:
216 5004 347 5077 ultiniis,
370 5003 481 5069 reltll⁰s
503 5003 657 5074 blanditi·
683 5001 745 5065 ilbi·
769 5000 888 5073 litandi),
940 5007 1033 5064 ntunis
1047 5020 1117 5064 utus
1129 5006 1258 5077 appellat.
1273 5004 1374 5061 Εοιιιιιι
1390 5004 1463 5061 enirn
1482 5019 1543 5075 quae
1558 5019 1607 5061 sua
1622 5004 1726 5075 sipttili·

101 5096 217 5162 babere,
245 5096 326 5152 situm
348 5110 420 5160 esse,
435 5108 515 5167 agere
535 5102 563 5151 ct
576 5092 643 5167 pati.
657 5090 751 5149 Noluit
769 5108 834 5166 ergo
848 5093 891 5149 uir
939 5100 1000 5150 cata
1016 5100 1155 5163 ponuntur
1168 5094 1197 5147 in
1212 5094 1295 5149 rebus
1313 5093 1415 5149 creatis
1428 5100 1539 5164 propter
1552 5107 1623 5175 quas
1640 5093 1725 5149 etiam

99 5192 231 5263 sapiens,
245 5192 300 5247 imo
320 5206 370 5247 nee
387 5191 474 5263 potuit
489 5205 552 5246 eum
565 5204 581 5244 a
595 5204 651 5260 quo
664 5186 756 5242 omnia
769 5203 830 5245 esse
845 5186 889 5242 in·
940 5195 1045 5259 reperta
1069 5193 1148 5251 sunt,
1170 5188 1253 5242 ueluti
1276 5202 1283 5236 :
1302 5200 1366 5249 rex,
1388 5193 1512 5255 pateret
1532 5184 1675 5247 iluutinus,
1695 5194 1724 5239 et

100 5282 261 5354 teliigcbat,
285 5282 405 5354 indignis
434 5296 525 5337 rerum
551 5280 722 5336 conditurum
749 5278 889 5335 uocabulis
938 5278 1097 5349 hujusmodi
1119 5278 1320 5349 quamplurima
1341 5291 1448 5340 eorum,
1469 5276 1592 5346 inquaut,
1616 5274 1722 5330 uultum

98 5385 256 5439 coarctare,
277 5380 409 5429 aeternum
428 5370 640 5443 temporalibus,
659 5371 810 5425 increatum
822 5382 888 5425 con·
938 5372 998 5431 est;
1013 5364 1094 5432 cuius
1108 5364 1197 5419 alticio
1209 5363 1303 5419 ditius
1316 5362 1395 5433 plene
1407 5364 1559 5435 a'cproprio
1574 5354 1723 5433 siqnilicari
1842 5422 1851 5436 ,

98 5462 178 5530 ditis,
197 5466 359 5522 immensum
372 5464 473 5537 partis,
486 5462 734 5519 incommutabilem
749 5460 899 5516 mtrtebill·'
939 5456 1028 5528 possit
1037 5456 1157 5513 essentia
1173 5475 1180 5510 t
1196 5470 1228 5511 ea
1241 5470 1308 5512 uero
1322 5470 1382 5525 quae
1395 5455 1515 5528 privant,
1527 5468 1572 5512 res
1586 5453 1648 5510 illas
1660 5465 1722 5522 quar

99 5559 153 5614 bus
168 5558 393 5613 connumerando
407 5558 522 5613 sociare.
533 5554 600 5621 Quae
611 5554 684 5611 enim
699 5553 887 5625 temporalium
938 5548 966 5604 in
993 5547 1049 5603 Deo
1071 5563 1126 5602 non
1146 5555 1231 5615 sunt,
1251 5546 1371 5619 perlecte
1395 5548 1495 5603 toiluut
1517 5554 1545 5603 et
1568 5546 1721 5599 restaurettt.

98 5666 187 5707 causa
209 5648 320 5721 proprie
343 5656 451 5719 reperta
475 5656 556 5720 atque
578 5646 701 5704 instituta
723 5652 798 5710 sttnt,
816 5658 888 5701 nun·
938 5637 1111 5710 Quapropter
1121 5640 1271 5695 secuudum
1284 5652 1382 5695 uocum
1396 5640 1517 5709 ipsarum
1531 5634 1630 5697 olltcia,
1644 5646 1721 5709 nuno

99 5756 184 5811 quant
211 5739 322 5797 aeternis
352 5737 380 5795 in
407 5735 501 5795 eadent
519 5738 685 5809 proprietate
713 5735 885 5794 conuenient.
938 5732 1008 5787 torte
1025 5746 1092 5787 usos
1107 5731 1270 5787 abhorreat:
1285 5731 1482 5801 competentius
1497 5742 1558 5785 rcor
1569 5724 1720 5791 increatum

244 5820 376 5889 Parnon.
401 5826 520 5897 ccxli.
1115 5863 1121 5877 ·
1441 5820 1460 5888 5
