4000 6350
33 355 34 364 ,
133 314 164 372 hl
724 307 937 368 intendore
960 309 1008 366 bx
1026 310 1183 370 tuhoth.

169 427 205 486 Ut
218 439 304 500 maqts
314 425 430 494 adnati,
443 424 576 498 quidquid
592 425 702 482 abesset
712 423 760 478 ibi.

133 519 268 589 Quidquid
283 533 339 578 uou
349 517 435 576 retnis
446 518 537 575 visum
549 525 593 574 est
613 515 712 572 ulchere
724 513 797 588 quotl
811 512 883 581 auri,

164 609 191 668 ld
202 609 326 681 plerique
336 609 396 667 suit
410 609 550 666 inseruere
564 605 653 662 libris.

129 701 232 757 lieiode
242 698 403 770 Evangelio,
416 697 547 770 quidquid
562 695 641 767 quasi
655 693 745 752 lessus
755 691 866 760 omittit,

164 791 286 848 liaxima
298 789 442 862 supplendi
459 804 523 846 curu
544 788 674 858 laborque
690 785 751 843 luit.

130 882 238 954 Totque
251 881 339 950 luere,
352 882 399 952 qut
413 881 471 937 brec
482 879 654 950 perscribere
667 877 711 934 vix
721 893 771 948 eqo
784 875 856 950 gessi

164 971 258 1044 Spem,
274 973 298 1028 si
316 981 459 1036 teutarctu,
474 961 557 1040 posse
567 983 667 1026 nocere
681 969 758 1024 mibi.

130 1057 229 1116 Postea
245 1059 340 1130 collegi
355 1075 405 1130 per
419 1057 538 1130 singula,
553 1072 615 1129 qnae
628 1066 709 1129 caput
722 1057 793 1113 idern

166 1149 280 1218 Textus,
294 1159 322 1205 et
335 1149 476 1221 expositor
490 1157 634 1220 promptus
647 1148 748 1218 ubique
761 1147 812 1204 iul.

128 1239 169 1295 Eu
183 1256 235 1313 eqo
248 1240 395 1312 perscripsi
409 1239 541 1312 vobisque
557 1239 585 1296 in
599 1239 713 1296 minima
726 1239 800 1306 misi,

164 1333 242 1390 Sient
252 1334 353 1392 dilecto
369 1334 563 1406 precipuoque
577 1342 665 1404 pater.

127 1423 187 1481 lion
202 1425 266 1496 quia
281 1441 337 1482 noo
351 1432 425 1482 esset
436 1423 565 1480 modulus
582 1422 726 1482 iaciendos
737 1423 771 1480 etl
788 1437 873 1478 aures

163 1514 242 1570 Tanti
257 1515 393 1584 pontilicis
408 1513 486 1570 ardui
500 1528 549 1568 ore
564 1513 652 1584 chely.

128 1603 229 1661 imum
242 1603 364 1660 mauric
377 1619 427 1674 pro
440 1603 583 1674 majestate
596 1611 726 1675 putentur

165 1695 242 1752 Siout
254 1709 317 1768 que
329 1695 443 1752 decerent
455 1704 483 1751 ιι
496 1695 563 1750 satis
576 1704 639 1766 apta
650 1696 720 1752 tlsri.

129 1773 199 1842 Sunt
212 1784 344 1842 nonnulla
357 1785 469 1858 quihus,
489 1784 594 1840 veniam
608 1793 671 1858 peto
692 1801 746 1842 oon
761 1785 831 1842 hcttc
845 1787 914 1844 mis·

766 1913 769 1921 ·
827 1879 879 1952 [sis

162 1966 214 2024 Sed
226 1967 277 2024 luit
288 1969 315 2024 id
331 1969 388 2024 lieri
401 1968 461 2040 lege
470 1983 583 2026 necesse
596 1969 686 2024 metri.

129 2055 196 2113 Esse
208 2059 290 2114 edam
305 2060 424 2116 clemens
437 2067 547 2130 optetur
561 2060 596 2115 etl
610 2061 702 2116 omnia
714 2060 799 2118 lector

173 2146 233 2202 lato
249 2164 335 2219 oeque
345 2151 413 2206 inest
425 2150 508 2218 elegis
523 2149 610 2206 lorma
625 2160 739 2207 venusto
755 2152 846 2209 uinus.

132 2236 188 2294 linc
203 2239 258 2295 cito
268 2242 411 2310 prosiliant
422 2239 497 2298 nosci
513 2239 540 2294 in
552 2241 713 2310 'commune
725 2243 772 2298 scd
785 2252 849 2299 note

166 2329 269 2386 Privati
286 2331 415 2404 incipiant
431 2341 457 2388 et
468 2330 526 2388 siue
537 2341 606 2388 teste
619 2332 682 2402 legi.

130 2418 188 2475 luto
200 2422 252 2476 sub
266 2437 380 2478 examen
395 2423 502 2480 veniant
514 2425 600 2495 prius.
613 2421 677 2479 lude
691 2422 810 2480 lavoretn

166 2509 224 2565 Sub
238 2511 317 2566 titulo
331 2519 432 2580 vestro,
447 2512 470 2568 si
489 2526 624 2580 meruere,
639 2511 738 2568 ierant.

130 2601 205 2658 'lunc
221 2602 329 2658 tandem
344 2602 437 2659 dicerit
452 2618 513 2660 esse
526 2604 584 2660 hmo
597 2604 765 2675 supplemina
783 2615 887 2678 nostra.

163 2693 202 2748 hc
215 2701 242 2748 tu
257 2691 343 2748 lector
357 2693 402 2747 ubi
419 2693 460 2750 sic
474 2693 551 2750 tleoet
564 2709 627 2752 esse
640 2705 715 2752 uota.

127 2780 194 2836 llsru
207 2782 271 2853 quia
284 2799 345 2839 sum
359 2783 421 2838 libri
433 2793 562 2840 consutor
573 2784 662 2842 lactus
677 2785 776 2857 ubique

164 2871 310 2930 versiculis
325 2874 425 2930 uostris
436 2874 617 2946 pretitulatur
630 2889 706 2932 aens.

233 3093 278 3153 tv.
299 3125 335 3138 -
354 3093 572 3153 FRAGMENTA
589 3093 636 3152 bx
654 3095 789 3153 dbubst.

386 3210 515 3279 (Lxrssa,
531 3227 559 3283 p.
575 3212 651 3283 tul.)

125 3318 191 3377 Ges.
204 3339 235 3379 ιι.
256 3322 377 3379 Peritihct
399 3334 492 3379 ructor
503 3325 618 3395 primum
636 3324 753 3397 linquunt
773 3326 911 3383 liebroecm

163 3393 253 3461 ῐιιίιιι,
276 3394 418 3459 Adumttnt,
433 3410 524 3449 cornito
548 3396 677 3459 immisso,
699 3398 855 3467 proplietam
869 3399 911 3469 [o-

163 3470 244 3531 ctum,
255 3465 416 3535 cuicumque
426 3479 488 3518 suos
500 3466 598 3535 scripto
611 3466 762 3523 tradidisse.

123 3574 186 3633 ldox
204 3577 276 3634 llens
288 3577 400 3633 adduxit
414 3574 563 3635 animantia
576 3579 683 3650 singula
698 3588 793 3637 terres:

161 3666 282 3724 Praebeat
294 3676 323 3724 ut
333 3668 440 3725 cunctis
451 3670 563 3725 nomina
578 3671 659 3727 robus
671 3670 769 3727 hilam.

124 3754 312 3829 hebraiceque
324 3758 441 3829 loquens
452 3758 568 3831 itnponit
579 3760 691 3815 nomina
704 3762 786 3819 rebus

161 3850 295 3908 Omnibus
309 3851 365 3907 ille.
379 3850 457 3907 Prior
471 3850 515 3907 illa
526 3852 634 3921 loquela
647 3852 709 3909 luit.

123 3939 190 3995 Post
206 3941 232 3996 in
249 3942 334 3998 Adam
348 3942 423 3998 misit
435 3943 522 3998 virtus
534 3944 625 3999 diviua
637 3958 775 4014 soporem.

162 4029 220 4087 lion
234 4046 358 4100 somnus,
374 4032 421 4089 sed
436 4042 495 4089 erut
504 4034 633 4101 exstasis,
646 4033 691 4089 illc
705 4050 798 4106 sopor.

122 4121 151 4177 ln
173 4139 226 4194 qus
243 4124 502 4195 perspicuaecausax
513 4124 613 4181 vidisse
627 4140 760 4197 supernas

160 4214 269 4283 Fertur,
285 4223 313 4270 et
329 4214 462 4285 evigilans
474 4214 536 4272 iude
550 4216 682 4287 propbeta
695 4217 757 4271 luit.

122 4302 261 4359 iudicium
276 4318 325 4373 per
335 4317 446 4375 aquam,
458 4318 507 4374 per
521 4304 672 4368 hammam,
683 4304 761 4371 vitlit,
781 4314 909 4363 crottum

158 4394 262 4451 Christi
275 4396 437 4467 praedidicit,
445 4394 628 4467 Ecclesircque
641 4396 732 4453 hilum.

121 4479 178 4539 lxta
190 4482 339 4553 propinetis
352 4484 481 4555 mysteria
494 4484 570 4540 novit
578 4484 689 4541 ibidctu.

157 4573 245 4646 loque
257 4574 316 4631 suis
328 4575 406 4631 libris
418 4574 476 4633 haec
489 4576 621 4632 reseravit
635 4576 734 4636 hilam.

158 4706 226 4764 Gen.
241 4723 283 4763 ιιι.
297 4708 428 4762 nonnum
445 4722 477 4762 ccc
490 4718 566 4833 ιιιιιι
581 4708 746 4764 Dumosccnc
759 4721 878 4767 creatum

449 4794 497 4849 per
505 4795 523 4832 tt
541 4795 555 4833 c
574 4794 584 4835 .·

124 4874 191 4933 Post
200 4874 283 4947 eiecit
295 4876 381 4931 hilam
392 4874 465 4933 ileos
477 4884 566 4945 extre,
578 4877 612 4935 de
626 4877 755 4949 paradiso

160 4970 190 5025 lo
205 4982 317 5035 terram,
332 4970 412 5039 cujus
430 4970 542 5041 pulvere
554 4969 646 5027 lactus
655 4978 724 5027 erat.

124 5056 211 5130 loque
223 5057 392 5115 Damascene
403 5074 511 5129 compo,
524 5059 561 5116 de
570 5075 627 5132 quo
639 5060 716 5130 prins
728 5059 805 5115 illum

161 5150 362 5219 Trarrstulerut,
376 5152 479 5222 posuit,
494 5154 583 5209 cultor
596 5162 626 5208 ut
638 5162 710 5209 esset
724 5153 774 5208 ibi.

126 5265 200 5323 lhid.
217 5266 320 5323 Statuit
339 5266 427 5323 Elium
441 5276 467 5322 ct
482 5266 622 5351 Eunuchum
642 5269 669 5323 in
685 5268 839 5339 paradisum
861 5279 912 5322 ter-

403 5347 510 5393 mtrem
521 5354 620 5393 ιιιιιιιι
631 5354 641 5393 .·

124 5428 285 5487 obstruitur
299 5431 494 5501 paradisorum
509 5432 586 5501 ignea
600 5430 708 5501 spatha,
724 5428 828 5485 tuendo

162 5520 215 5577 Pro
225 5522 300 5593 liguo
316 5522 387 5588 vitoe,
401 5522 511 5593 ponitur
525 5531 588 5577 ante
600 5522 684 5578 iures.

124 5612 168 5669 hc
182 5613 243 5673 ideo
258 5615 366 5686 gladius
377 5615 510 5671 ιιιιιιὶιίι
523 5629 584 5670 esse
599 5614 725 5681 reicitur,

161 5702 242 5775 Quot
252 5705 363 5763 tntttlcru
376 5706 456 5763 vellet
467 5706 541 5765 hunc
552 5720 692 5763 removere
703 5704 786 5763 Dens.

1719 313 1764 368 uh

930 421 957 488 ι’
967 422 1060 482 ileliae
1071 435 1100 482 ct
1113 426 1206 483 Enoch
1221 427 1377 498 paradisum
1392 442 1456 483 oum
1470 424 1591 494 subtere,

970 528 988 586 p,
1005 514 1125 573 Praebuit
1137 517 1172 573 arl
1186 527 1293 588 tempus
1308 519 1353 576 ille
1366 528 1487 575 remotus
1499 518 1561 574 iter.

970 627 1036 686 des.
1052 643 1089 684 tv.
1106 625 1255 684 Tremorem
1266 630 1479 755 ιιιιιιιὶιιὶιιιιι
1494 628 1580 688 Caino
1597 645 1615 684 u
1633 629 1688 686 Dso
1706 629 1756 685 dm

969 789 1021 846 ilat
1034 789 1178 862 lleusergo
1190 788 1258 846 Gaio
1273 790 1391 862 siguum,
1413 740 1469 848 cito
1484 807 1519 848 ue
1532 790 1695 863 perimatur,

1004 881 1038 938 Et
1050 890 1141 937 motus
1155 881 1264 952 cupitis,
1279 888 1307 936 ιι
1319 888 1430 948 tremor,
1445 881 1512 937 illud
1526 890 1595 938 erat.

1100 969 1172 1028 litd.
1188 969 1292 1026 Nomen
1307 971 1400 1025 noris
1414 971 1493 1026 Coint'
1505 970 1619 1027 rcuclct:

967 1060 1016 1121 ltle
1029 1077 1114 1132 vagus
1129 1062 1159 1116 in
1171 1070 1246 1117 terra
1258 1059 1330 1117 Notb
1347 1075 1410 1117 cum
1426 1061 1542 1134 coniuge
1554 1063 1674 1120 mansit.

1001 1151 1133 1224 Coniugis
1144 1151 1219 1208 illius
1233 1151 1363 1207 Colmana
1375 1166 1474 1208 nomeu
1487 1161 1558 1208 erat.

967 1265 1040 1322 ibid.
1053 1265 1187 1321 Ademtum
1201 1263 1503 1404 ιιιιιιιιιιιειιιιιοιιιιι
1516 1265 1618 1323 indices
1633 1265 1758 1336 posuisse

966 1423 1001 1481 bt
1012 1424 1090 1496 quasi
1108 1423 1184 1481 notit
1196 1423 1283 1479 hilam
1294 1350 1413 1494 prrimum
1428 1423 1547 1482 dixisse:
1564 1424 1686 1483 loturum

1000 1514 1142 1572 Iudicium.
1151 1515 1252 1587 duplex
1266 1533 1274 1570 ι
1288 1514 1395 1571 scilicet
1406 1515 1487 1586 iquis,
1503 1531 1592 1588 aquae,

964 1611 994 1668 lu
1005 1614 1122 1685 geminis
1135 1622 1222 1671 artem
1236 1611 1358 1684 scripsit,
1376 1611 1536 1684 posuitque,
1550 1608 1711 1695 columnis..

1000 1699 1110 1759 Eustitit
1124 1701 1182 1758 haec
1194 1700 1320 1756 laterum.
1340 1695 1484 1754 llurmoris
1498 1695 1544 1750 illa
1556 1691 1607 1749 luit

965 1790 1001 1848 lit
1010 1807 1065 1847 oon
1077 1792 1136 1847 hmo
1150 1805 1199 1863 per
1213 1803 1313 1862 aquam
1327 1794 1431 1860 pereat;
1444 1800 1498 1840 noo
1512 1782 1560 1840 illo
1572 1781 1728 1854 perignem

999 1881 1074 1940 Sitit
1089 1882 1220 1940 deficiens
1234 1897 1289 1938 uua
1302 1879 1340 1936 sit
1350 1893 1406 1935 uua
1416 1889 1542 1933 maneos.

965 1971 1000 2030 lit
1012 1969 1210 2042 nobisdoseplri
1222 1969 1362 2026 declarant
1373 1967 1496 2039 scripta:
1513 1965 1674 2023 columnam

997 2063 1178 2120 llarmoream
1194 2061 1274 2117 tellus
1286 2059 1381 2132 Sprica
1393 2065 1486 2115 servat
1498 2055 1600 2113 adhuc.

1034 2151 1106 2208 lito.
1120 2151 1256 2218 Quomodo
1271 2151 1374 2206 musico
1386 2151 1492 2204 intento
1502 2149 1539 2204 cit
1552 2147 1679 2217 exponit:

963 2245 1035 2301 bure
1046 2242 1061 2300 J
1064 2243 1126 2299 ubal
1133 2243 1225 2300 varios
1235 2240 1392 2297 lerrameoti
1402 2247 1479 2295 notat
1491 2238 1573 2295 ictus.

996 2333 1123 2393 Pondere
1135 2333 1217 2390 libror
1231 2334 1259 2388 io
1272 2332 1326 2390 bis.
1342 2332 1470 2388 Consona
1483 2343 1599 2401 qumque
1613 2325 1679 2384 lacit
1730 2383 1735 2391 ,

962 2423 1021 2482 11ιιι
1034 2426 1144 2480 iuventa
1160 2421 1243 2478 modo
1256 2435 1334 2493 prius
1347 2427 1390 2475 est
1403 2433 1450 2474 ars
1458 2415 1577 2482 mustos,
1591 2412 1725 2486 quemvis

996 2513 1177 2590 Pythagoram
1189 2511 1282 2568 dicant
1292 2509 1365 2565 hauc
1374 2506 1503 2564 docuisse
1517 2505 1606 2576 prius.

1015 2623 1088 2680 ltid.
1102 2622 1226 2678 Lamecht'
1240 2620 1386 2744 ltistoritun⁸
1391 2617 1473 2720 variis
1486 2613 1698 2672 circumstantiis

962 2786 1081 2844 Lamech
1099 2791 1213 2840 venator
1228 2705 1463 2854 laculdup'o'llebat.
1479 2785 1507 2833 et
1520 2790 1613 2834 arsur:

997 2878 1051 2947 Qui
1061 2875 1236 2933 videndodiu
1249 2873 1353 2929 lumine
1364 2885 1467 2941 pauper
1480 2878 1550 2927 erat.

962 2967 1024 3036 llic,
1035 2983 1086 3040 pro
1096 2965 1203 3022 deliciis
1215 2977 1356 3036 pecorum
1372 2961 1414 3016 vel
1427 2960 1669 3031 pellibus,srcuun
1757 3017 1775 3048 Δ,

924 3093 946 3150 c
996 3057 1137 3128 Gestabat.
1147 3054 1245 3111 Carnis
1255 3067 1311 3110 nott
1323 3061 1382 3107 erat
1393 3065 1461 3107 usus
1476 3050 1580 3106 adhuc.

962 3147 1117 3221 llulnserat
1129 3147 1229 3205 ductor
1238 3145 1359 3217 juvenis,
1373 3143 1454 3215 cuius
1468 3142 1633 3201 documento

997 3241 1131 3298 Vulnerat
1141 3240 1187 3297 ille
1200 3239 1282 3306 Gaio,
1298 3236 1364 3293 dum
1375 3244 1455 3308 putat
1469 3250 1531 3292 esse
1544 3234 1641 3291 leram

962 3333 1031 3391 Rem
1042 3332 1161 3390 Lamech
1171 3330 1262 3387 discit.
1274 3329 1362 3393 holet,
1376 3337 1404 3384 et
1415 3326 1616 3383 transverberat
1625 3340 1693 3381 srcu

997 3424 1067 3481 llinc
1078 3424 1217 3494 juvenem,
1231 3410 1403 3492 cujusliritla
1413 3420 1535 3475 membra
1550 3417 1626 3473 lacit.

962 3515 1028 3573 Post
1050 3512 1169 3570 lamecu
1187 3520 1313 3567 metuens
1334 3509 1452 3575 merita,
1477 3506 1642 3578 ridensque,
1665 3504 1755 3577 qusle

1627 3596 1719 3673 [ιιιιι

996 3699 1063 3757 lure
1073 3698 1144 3757 ctio
1158 3710 1246 3770 pteuae
1256 3694 1445 3767 supplicioque
1454 3692 1557 3750 datus:

960 3794 1089 3865 cuperat
1100 3804 1203 3848 uxores
1213 3790 1303 3860 ipsum
1318 3804 1353 3843 nc
1366 3786 1437 3844 lorte
1449 3794 1596 3854 necarent,

996 3884 1054 3939 hut
1069 3880 1140 3937 male
1156 3886 1319 3944 tractarent,
1338 3875 1499 3933 extimuisse
1510 3890 1586 3932 suus.

960 3974 1045 4046 ldquc
1056 3974 1209 4037 verebatur,
1222 3972 1295 4043 quod
1307 3972 1348 4027 cis
1361 3967 1472 4026 odibilis
1485 3978 1568 4035 esset,

998 4064 1033 4121 tlt
1041 4065 1099 4135 ianr
1109 4063 1227 4120 diillcilis
1240 4062 1447 4131 decrepitusque
1458 4074 1551 4115 senex.

961 4156 1034 4229 lquo
1062 4157 1158 4213 sotem
1184 4170 1266 4226 super
1294 4154 1347 4209 boc
1370 4152 1496 4225 seipsum.
1512 4152 1676 4224 praemunire
1700 4167 1749 4222 per

1611 4239 1712 4312 [astum

997 4336 1073 4396 Talia
1085 4334 1246 4407 coniugibus
1263 4332 1423 4391 insimulare
1437 4334 1538 4391 ιιιιιιιι

925 4418 950 4475 1¹
962 4430 1000 4487 ile
1012 4438 1141 4502 peccsute
1152 4428 1220 4483 Caio
1233 4426 1340 4497 punitio
1352 4426 1476 4496 septupla
1492 4424 1557 4491 het;

998 4518 1051 4574 Per
1063 4526 1167 4590 septem
1178 4513 1407 4585 deciesseptupla
1423 4528 1505 4583 pteua
1516 4510 1640 4568 molest.

962 4629 1028 4687 Gcrt.
1044 4645 1083 4685 ιι.
1100 4626 1234 4683 Adustum
1245 4626 1345 4681 lecim
1359 4633 1470 4678 ιιιιιιιιιι
1482 4622 1572 4679 Abelis
1584 4640 1631 4694 per
1643 4632 1747 4678 centurn

1252 4711 1335 4751 unctos
1351 4696 1432 4766 refert
1444 4709 1454 4748 .·

962 4786 1022 4844 lant
1037 4786 1188 4859 posthbcl,
1207 4800 1288 4858 quern
1302 4791 1413 4841 centum
1429 4783 1537 4842 luxerit
1550 4784 1640 4849 antris,

997 4876 1120 4934 Uxorem
1137 4892 1235 4933 rursus
1246 4874 1429 4947 ingravidavit
1441 4874 1540 4929 Adam.

961 4968 1085 5026 «iusserat
1099 4969 1154 5025 boo
1174 4968 1308 5024 hominus
1321 4980 1432 5022 caruem
1443 4977 1615 5035 sumpturos,
1633 4973 1662 5019 ιι
1673 4963 1747 5021 illam

997 5056 1100 5117 Neleus
1114 5061 1148 5115 de
1163 5058 1278 5130 reproba
1291 5072 1401 5113 sumere
1414 5071 1498 5111 carue
1507 5054 1587 5111 Gaio.

964 5151 1097 5224 Capru.
1106 5150 1230 5217 Quotuor
1242 5165 1303 5203 curu
1311 5148 1428 5204 Sodoma
1435 5148 1530 5218 periise
1542 5148 1620 5201 urbes
1633 5156 1747 5201 norrot:

962 5242 1029 5299 Post
1041 5244 1099 5300 htec
1110 5242 1251 5313 promissa
1265 5240 1414 5297 Sodomam
1425 5239 1495 5295 lorat
1506 5239 1627 5309 iqnis‚,ct
1637 5238 1719 5295 ortu

998 5338 1123 5405 Quatuor
1133 5334 1256 5406 mqualex
1267 5348 1347 5402 sequa
1364 5333 1443 5387 ruina
1458 5331 1552 5387 trubit

963 5430 1090 5500 Quinque
1103 5433 1188 5483 ruuut
1201 5425 1292 5490 urbes,
1305 5422 1494 5492 hominesque
1503 5421 1572 5492 pluit
1583 5432 1667 5487 super
1686 5415 1748 5473 illas

998 5520 1089 5591 lqoem
1103 5516 1327 5578 flammivomum,
1339 5513 1556 5583 sulphureosque
1569 5510 1675 5579 globos.

999 5612 1066 5681 Cup.
1081 5624 1179 5665 xrvttt.
1193 5604 1280 5663 Scotto
1294 5603 1390 5659 iacobi
1405 5618 1444 5658 ιιι
1458 5603 1577 5671 sssiqnct
1590 5597 1690 5669 qrodtta
1705 5612 1712 5628 ·

932 5697 943 5765 .’
964 5702 1015 5759 ltta
1027 5702 1128 5769 quanm
1142 5700 1238 5757 hnbuit
1251 5698 1332 5767 qussi
1341 5695 1486 5752 bissenos:
1502 5693 1567 5762 quia
1583 5691 1681 5747 bissex.
