4000 6350
829 310 1011 372 conruunt
1029 310 1289 370 eistuocmltsts

1827 312 1878 370 Μ

239 433 311 491 smlli
333 432 394 505 (db)
416 432 451 490 ds
471 431 553 489 tertio
572 431 692 503 quodum
712 429 834 488 liculscr.
863 429 1036 498 collectionis
1049 435 1074 494 Α
1087 432 1139 487 tiro
1161 431 1239 486 etiarn
1254 431 1347 486 addito
1363 446 1410 500 per
1422 429 1543 486 nobiliss.
1561 435 1587 485 et
1607 428 1743 485 eruditiss.
1758 426 1879 485 Ctsrists·

244 532 317 582 tonso
334 524 499 588 fabulantur,
512 523 562 594 qa'r
574 537 712 594 nunquam
726 523 879 594 prodierat.

182 613 185 620 ’
281 617 401 682 Sostsnt,
417 629 532 684 eumque
545 615 667 671 omnium
689 615 768 687 looqo
782 613 1037 684 praestantissimam

244 709 392 762 editionem
426 707 570 762 atiornnrit
595 707 737 764 contradus
765 704 976 776 liltterslmsius,
1009 720 1037 767 et

243 811 308 852 eccs
326 797 457 852 titolums

279 907 411 964 Gurttlreri
427 909 573 980 quorinus
588 927 634 966 seo
654 911 776 966 derebus
791 909 871 983 qestis
883 912 947 979 itop.
965 909 1035 964 Cras.

243 999 268 1055 F
270 1003 377 1056 ritlerici
385 1003 465 1072 primi
476 1001 508 1057 Ρ.
518 1001 627 1072 P.doq.
638 1013 807 1075 coquomcoto
816 1001 973 1064 AEoolrarbi,
983 1001 1037 1056 sire

244 1093 429 1158 Barbarosste,
452 1095 514 1148 libri
532 1111 560 1148 x.
582 1093 654 1164 Opus
674 1109 726 1149 nou
747 1092 833 1147 solutu
854 1091 938 1160 poetis
964 1091 1035 1144 lectu

239 1186 399 1257 jocundum,
414 1185 461 1240 sed
476 1195 501 1242 et
511 1185 647 1240 historicis
658 1192 683 1240 et
697 1183 811 1252 politicis
830 1191 854 1237 et
874 1181 983 1249 aulicis,
999 1181 1035 1236 ad

243 1274 473 1341 deliberationum,
486 1275 672 1341 consiliorum,
686 1273 861 1344 leqationom,
883 1273 1034 1328 orationum

243 1377 267 1422 et
281 1367 455 1437 epistolarum
471 1369 591 1437 eacntpla
604 1384 611 1435 ;
619 1366 819 1435 jurisconsultis
832 1381 935 1436 quoque
947 1365 981 1419 ad
990 1365 1035 1433 ju·

245 1460 282 1514 ris
294 1460 430 1527 [audistici
443 1461 617 1530 coquitiooem
631 1457 696 1513 utile
710 1459 735 1510 in
754 1455 847 1524 primis
862 1471 894 1510 ac
910 1471 1034 1510 necessa·

244 1553 324 1606 rium.
341 1550 481 1606 Corradus
495 1549 695 1616 maculosius,
717 1547 769 1603 tii.
795 1547 1033 1618 recensuittquin·

243 1661 293 1715 que
308 1644 467 1699 editionibus
480 1645 549 1698 ittlet·
563 1657 591 1698 se
608 1641 715 1696 ealbatis
727 1640 839 1695 mendas
853 1639 914 1695 binc
933 1639 1034 1707 possins

1089 524 1202 593 pirorum
1220 523 1356 594 i‘duqistm
1374 521 1422 595 Eq.
1446 521 1532 577 blico.
1555 519 1620 590 copi
1639 520 1671 575 de
1697 537 1765 577 nota
1788 520 1877 586 aliquo

1089 612 1219 670 Guntlteri
1244 614 1359 670 editione
1383 610 1554 685 procuranda
1571 613 1701 685 copitare,
1724 620 1750 668 et
1773 612 1879 682 quidem

1088 709 1231 774 eiusmodi,
1257 724 1315 779 qme
1336 706 1456 777 pluribus
1480 706 1541 760 osui
1560 721 1616 760 esse
1633 715 1732 774 posset,
1759 720 1880 774 measque

1088 798 1151 854 illas
1178 797 1426 866 adnotatiunculae,
1449 815 1515 870 quas
1534 797 1624 866 maan‘
1645 796 1745 868 aliquot
1762 795 1815 850 ciri
1830 811 1880 848 noo

1087 890 1195 944 iotur'les
1218 906 1300 961 oeque
1325 891 1532 945 courtentosudas
1542 889 1717 960 judicabant,
1733 886 1880 960 adjunctas

1086 979 1191 1034 liaberet
1194 1018 1261 1036 ......
1307 1028 1310 1032 .

1121 1091 1195 1151 ldem
1206 1095 1234 1150 iu
1245 1094 1409 1152 Praeiotione
1422 1133 1431 1150 .

1122 1205 1175 1261 tite
1191 1207 1274 1276 iqitstr
1288 1216 1379 1262 tantur
1393 1217 1418 1262 et
1431 1217 1487 1261 taos
1502 1207 1648 1278 praelarus
1672 1209 1803 1276 scriptor,
1822 1221 1879 1261 esst

1085 1299 1203 1353 debuerit
1211 1311 1335 1368 perpetuo
1345 1301 1404 1355 sins
1414 1301 1525 1370 pectori,
1533 1299 1686 1354 etmanibtts
1699 1299 1763 1363 teri,
1774 1297 1881 1352 lectita·

1085 1392 1160 1461 rique
1184 1391 1217 1444 ab
1242 1393 1375 1459 omnibus,
1395 1402 1503 1462 propter
1525 1392 1629 1446 uberem
1653 1409 1685 1446 ac
1700 1391 1881 1458 multiplicem

1084 1483 1211 1554 fractum,
1229 1483 1276 1555 qui
1291 1484 1355 1539 inde
1372 1485 1408 1539 ad
1418 1484 1641 1540 omnedominum
1656 1500 1748 1556 qerssm
1763 1485 1881 1538 stacione

1083 1578 1129 1648 qui
1156 1577 1297 1654 inlperinm
1325 1576 1487 1644 Rauranum,
1503 1578 1557 1632 sine
1578 1575 1667 1645 potius
1690 1573 1880 1630 Germanicum

1084 1677 1240 1739 aquoscunt,
1254 1670 1404 1724 redundare
1415 1677 1499 1739 potest
1512 1682 1522 1724 .·
1536 1667 1603 1723 adea
1615 1678 1703 1722 tomen
1717 1665 1791 1721 maie
1802 1681 1880 1719 acce-

243 1737 373 1806 plurimas
382 1736 601 1806 pravissimusque
613 1742 667 1788 taos
679 1733 832 1798 lectionum,
846 1749 926 1802 quarn
937 1731 1034 1786 distin·
1048 1773 1070 1832 Β
1083 1775 1145 1836 pm
1160 1772 1187 1818 e,
1201 1763 1305 1818 qam-m
1317 1763 1380 1833 quiq,
1400 1771 1429 1817 m
1441 1777 1484 1817 Μ
1494 1760 1529 1814 Μ
1543 1759 1802 1816 ‘mmmm
1825 1757 1881 1826 qo„

244 1827 359 1882 ctionom
376 1829 508 1882 sustolli:
532 1827 601 1879 notis
616 1823 777 1887 illustrarit:
797 1834 821 1878 et
843 1833 969 1876 accurato
988 1839 1032 1877 re·

244 1933 302 1971 ram
316 1934 347 1994 qe
358 1918 493 1972 uerborum
507 1917 717 1973 oternorabilium
730 1915 816 1969 indice
828 1930 897 1970 none
916 1915 1033 1983 primum

245 2009 422 2080 locupletavit.
446 2011 587 2081 Tubioqoe,
605 2009 675 2080 apud
697 2006 840 2078 Georqions
860 2004 1033 2077 Gruppeoba·

241 2103 331 2158 sitiunt
350 2103 431 2170 titt,
448 2103 529 2160 tou.

281 2194 495 2250 Adnotntionom
522 2195 660 2267 singulare
685 2193 812 2250 rolumco
838 2205 942 2248 annum
968 2197 1033 2246 astte

243 2288 407 2359 comparuit,
421 2289 502 2358 cique
520 2287 615 2344 titulus
626 2287 798 2358 inscriptus:
865 2309 869 2316 ·

280 2395 358 2452 Noto
369 2396 396 2450 in
405 2395 532 2452 Guntlteri
542 2396 708 2468 Liqorinom,
720 2395 958 2452 coctoreGonrado
975 2393 1034 2448 oir-

244 2485 384 2550 tersltusio,
399 2485 450 2542 dG.
465 2487 576 2555 profess.
595 2483 706 2542 Norico.
729 2486 770 2540 Aa
793 2487 948 2542 astitisset
972 2502 1033 2540 eru-

242 2577 331 2632 ditiss.
349 2577 382 2631 D.
393 2576 474 2632 boon.
486 2576 639 2642 uldredum,
656 2579 705 2651 Eq.
722 2577 896 2633 Meretricum.
918 2576 1032 2648 l'obiuq.

244 2670 312 2738 tqpis
324 2666 430 2738 Georqit'
442 2667 666 2739 Groppenbuclu'i,
679 2686 725 2727 on.
743 2669 821 2734 itti,
837 2669 913 2724 itt-8⁰

277 2781 425 2838 Audiamus
437 2782 523 2852 ipsum
538 2773 743 2840 celeberrimum
758 2783 889 2840 editorem
900 2783 934 2839 dc
944 2783 1034 2842 cnissis

247 2884 275 2930 et
290 2875 445 2931 rationibus
462 2877 576 2948 lmjuscc
599 2891 655 2934 situ
678 2876 805 2933 editionis
830 2878 912 2932 verim
929 2876 1033 2934 lurion·

243 2975 297 3024 tem
319 2967 394 3040 (dbis

281 3078 412 3153 Equidem
425 3087 465 3154 (ut
480 3081 514 3138 de
526 3097 567 3136 nte
579 3097 664 3152 pauca
680 3081 780 3151 dicant,
797 3083 880 3155 deque
895 3077 1067 3164 occasionec

241 3190 293 3243 que
305 3173 339 3228 ad
349 3174 428 3230 istoru
440 3176 580 3230 editionem
596 3173 743 3245 parandam
760 3190 818 3229 sum
838 3174 957 3246 delatos)
971 3191 1032 3229 cuns

242 3265 392 3321 adolescens
416 3268 444 3321 in
468 3265 565 3321 sobolis
585 3266 842 3335 jurisconsultorum
870 3264 1031 3337 eleqaotiont

244 3355 355 3428 (stateris
369 3358 437 3411 enirn
458 3366 561 3411 tantum
585 3365 623 3410 est
641 3370 700 3411 cum
715 3355 790 3410 bools
810 3357 940 3411 astatorib.
954 3367 978 3412 et
990 3358 1034 3413 lit-

242 3450 317 3516 teris,
330 3458 459 3520 quantum
474 3449 534 3503 cani
545 3464 605 3503 curn
619 3446 722 3519 balneo)
741 3441 881 3521 aliquoties
902 3452 929 3506 in
948 3451 1032 3521 eupli·

241 3524 344 3594 catione
366 3536 494 3593 doctrinar
506 3538 624 3608 [cordatis
646 3540 804 3595 audiuissem
826 3540 933 3597 laudari
948 3534 1031 3606 lictors,

241 3644 316 3699 qoem
325 3628 395 3696 atat,
408 3627 571 3685 Guntderom
580 3645 592 3698 ;
602 3633 715 3703 prodtt'ri
726 3632 805 3689 etiam
816 3632 916 3706 aliquot
927 3634 1032 3705 elcqan·

242 3732 280 3777 tes
291 3723 349 3793 ejus
361 3738 450 3778 uersus
464 3725 500 3779 ad
512 3727 667 3780 exornanda
687 3734 713 3779 et
727 3724 888 3780 illustranda
908 3726 1031 3798 quadam

240 3812 268 3865 iu
281 3800 396 3884 iilojure
409 3813 562 3883 feudorum,
574 3814 640 3870 sotis
654 3812 772 3886 ols'oqut'a
783 3815 895 3870 barbare
906 3825 930 3870 et
939 3815 1031 3884 iotseli·

194 3920 198 3929 ·
240 3904 305 3959 citer
315 3908 445 3977 descripto
467 3906 561 3961 :sensi
577 3922 618 3961 nte
633 3907 730 3975 saepius
751 3923 846 3977 maqno
861 3906 970 3962 arcendi
984 3910 1031 3963 de-

239 3984 339 4049 siderio
356 3994 462 4049 uiderolr'
484 3994 638 4067 leqendique
651 3997 733 4051 totius
752 3996 881 4063 auctoris,
895 3998 1029 4068 quiquam

239 4094 305 4139 esset
318 4088 411 4154 bouus,
427 4085 455 4140 io
467 4095 654 4157 promptuerat
665 4104 697 4144 ea
711 4088 776 4155 illis,
785 4106 845 4161 qore
856 4091 1030 4161 profereban-

239 4186 294 4241 tur,
306 4177 444 4245 particulis
457 4179 599 4244 o’stimare,
613 4196 646 4233 ea
657 4196 744 4250 unque
756 4179 868 4247 leonem,
879 4182 950 4252 qnod
960 4182 1029 4236 diri-

238 4281 291 4329 mr.
308 4265 361 4321 Sed
372 4266 442 4338 quod
455 4283 589 4338 nonquam
603 4267 649 4322 ilde
663 4268 800 4324 tantimodo
827 4270 913 4340 [orma
929 4272 1027 4341 editus,

237 4373 289 4428 quo
302 4372 362 4413 tero
374 4360 459 4413 editus
473 4368 541 4425 erat,
556 4375 588 4414 ea
601 4374 730 4432 nusquam
746 4361 845 4416 uenalis
858 4364 1028 4433 reperiretur,

1083 1864 1156 1910 tunae
1173 1869 1230 1909 suu
1242 1853 1421 1908 commeruerit.
1444 1849 1508 1906 Nos
1521 1857 1608 1906 saturn
1622 1851 1693 1904 enim
1713 1847 1808 1903 multis
1828 1863 1879 1902 so·

1084 1948 1151 2002 culis
1166 1944 1323 2016 iqnorabilis
1340 1943 1434 2011 latuit,
1460 1944 1508 1999 sed
1523 1943 1604 1999 etiam
1624 1942 1719 1996 deinde
1733 1957 1797 1995 eum
1812 1939 1877 1995 libe·

1084 2039 1138 2093 rali
1153 2053 1233 2091 mano
1246 2046 1420 2103 assereretur,
1437 2046 1462 2093 et
1475 2036 1504 2091 io
1519 2037 1605 2091 iurem
1621 2051 1655 2090 ea
1666 2032 1792 2107 squalore
1805 2043 1829 2087 et
1840 2042 1879 2086 te·

1084 2130 1171 2187 nebris
1182 2131 1298 2185 carceris
1309 2131 1454 2200 producere
1472 2129 1557 2200 ipsius
1582 2144 1702 2193 carmen,
1716 2136 1744 2181 et
1755 2126 1877 2196 plurimis

1082 2219 1153 2275 iilud
1168 2219 1272 2274 mendis
1284 2218 1467 2288 turpificatson
1480 2216 1546 2285 suit,
1560 2225 1584 2271 et
1597 2225 1693 2270 auctor
1705 2212 1819 2282 praede
1830 2228 1876 2266 sus

1083 2313 1189 2367 nornine
1202 2311 1368 2380 periclitatos
1381 2319 1430 2365 est.
1457 2307 1531 2362 Natu
1546 2324 1607 2362 curn
1621 2324 1637 2359 o
1652 2304 1779 2361 Conrado
1806 2301 1877 2356 Gelte

1085 2403 1222 2467 Protucr'o,
1237 2405 1283 2474 qui
1294 2401 1398 2471 primos
1407 2410 1465 2470 post
1477 2411 1587 2456 renatos
1599 2399 1681 2454 bottas
1692 2396 1798 2451 litteras
1811 2393 1877 2450 Ger·

1084 2499 1181 2553 marrire
1194 2506 1272 2566 poeta
1288 2495 1400 2558 exstitit,
1415 2495 1498 2550 codes
1515 2493 1714 2561 tnaosscriptus
1728 2489 1877 2561 dsqsssstu

1087 2584 1281 2643 l'iodiliioruos
1292 2589 1393 2643 allatas
1404 2597 1483 2654 esset,
1491 2588 1666 2657 eomitateque
1675 2583 1796 2640 Cursradi
1809 2582 1879 2638 Pes·

1084 2679 1183 2750 tinqeri
1196 2677 1247 2736 tc.
1257 2686 1282 2733 et
1295 2678 1410 2732 oliorum
1421 2677 1597 2748 quorumdam
1607 2677 1774 2730 nobilismet
1783 2673 1878 2729 erudi-

1083 2779 1171 2826 torom
1185 2771 1304 2825 uirorum
1323 2770 1486 2825 liberalitate
1498 2777 1681 2839 procuratum,
1694 2779 1723 2822 st
1744 2766 1817 2838 rqpts
1829 2767 1878 2820 de·

1082 2861 1261 2927 scriberetur,·
1286 2871 1342 2916 tom
1353 2879 1413 2918 nero
1429 2863 1582 2932 Liqurinus,
1608 2861 1679 2932 quod
1690 2870 1787 2916 auctor
1804 2860 1879 2929 operi

1082 2954 1231 3017 indiderat,
1255 2953 1310 3023 ipse
1325 2955 1440 3023 scriptor
1451 2956 1583 3010 recitatus
1598 2964 1660 3010 est:
1679 2968 1791 3023 eumque
1803 2968 1879 3007 erra·

1080 3041 1139 3103 'rem
1152 3048 1298 3119 complures
1313 3057 1404 3116 posteo
1419 3049 1499 3102 etism
1516 3048 1587 3102 docti
1600 3055 1737 3110 errarunt,
1749 3045 1815 3099 durs
1826 3043 1879 3097 Li·

1083 3143 1206 3214 qurinum
1221 3157 1270 3209 pro
1283 3137 1573 3209 Grtntlrerolaudaot..:
1584 3136 1647 3194 Nou
1656 3139 1708 3195 tuli
1718 3137 1822 3192 diutiss
1834 3135 1879 3190 iss-

1082 3234 1192 3303 diqnam
1215 3234 1284 3285 daos
1308 3230 1440 3287 Guntlteri
1466 3232 1616 3300 fortunam,
1635 3240 1661 3286 et
1687 3239 1747 3301 past
1771 3229 1878 3298 priores

1082 3324 1143 3379 ilias
1158 3326 1225 3380 duos
1239 3323 1390 3389 Conrados,
1416 3325 1513 3396 quidus
1536 3324 1618 3380 sitam
1645 3340 1677 3379 ac
1690 3324 1775 3379 isaeus
1787 3321 1876 3387 debeo

1084 3417 1178 3472 tertius
1192 3418 1246 3487 ipse
1257 3417 1407 3486 strperreoi,
1423 3426 1453 3471 ut
1469 3433 1552 3472 essem
1566 3419 1591 3473 ei
1600 3417 1697 3472 sindea
1708 3426 1732 3471 et
1745 3425 1877 3479 assertor,

1082 3493 1266 3576 adcedentibns
1284 3508 1433 3576 prasertim
1447 3508 1547 3580 aliquot
1574 3524 1733 3579 moqnoram
1756 3509 1877 3565 eirarsss

1082 3598 1328 3665 adbertatiooibus,
1353 3600 1449 3671 quibus
1469 3617 1510 3655 nte
1526 3602 1683 3671 satisfacere
1701 3616 1778 3671 posse
1797 3608 1879 3669 opta·

1083 3707 1144 3747 rito.
1162 3728 1169 3745 .

1118 3799 1176 3870 qu
1187 3800 1306 3868 totidem,
1318 3800 1365 3872 qui
1375 3800 1518 3856 eonsilium
1532 3800 1653 3855 auctoris
1666 3798 1877 3855 animaduertis-

1082 3890 1192 3955 simmn,
1200 3890 1315 3947 uoluisse
1328 3891 1449 3947 uidelicet
1461 3891 1549 3961 ipsum
1563 3892 1682 3962 conflare

1100 3987 1105 3993 ⁶
1135 3998 1324 4055 claudendum
1342 4000 1468 4056 ntunilms
1481 3998 1569 4057 lormo
1588 3999 1875 4057 breuiorcliltclltrm:

1081 4089 1130 4144 isac
1144 4101 1180 4144 est
1196 4083 1370 4145 Erictriridioo
1396 4092 1520 4157 seribere,
1533 4090 1694 4163 sequendum
1709 4092 1738 4147 id
1750 4094 1817 4148 mitt
1826 4110 1879 4149 ar-

1081 4182 1206 4246 bitratos,
1223 4194 1318 4237 auctor
1338 4179 1379 4253 [ui
1398 4187 1572 4256 tppoprapiso,
1600 4197 1630 4241 ut
1648 4187 1718 4243 ltunc
1732 4196 1875 4244 auctore·

1081 4274 1176 4328 mitiori
1192 4275 1278 4345 [orma
1293 4276 1399 4331 totidem
1415 4278 1559 4334 recrederet.
1573 4278 1628 4335 Sed
1640 4291 1664 4335 et
1677 4288 1788 4350 propter
1797 4273 1877 4335 metr·

1080 4364 1139 4432 das,
1152 4382 1212 4437 qure
1230 4366 1259 4422 in
1276 4369 1410 4438 prioribus
1423 4370 1586 4429 editionibus
1601 4375 1723 4429 omuibus
1745 4375 1875 4445 plurimo

238 4450 397 4517 exemplaria
410 4448 539 4505 Guntlteri
558 4468 574 4505 a
587 4466 628 4505 me
641 4462 664 4506 et
684 4452 910 4510 commilitonibus
924 4455 1027 4524 [rostro
1043 4437 1066 4493 Ῑ)
1080 4455 1115 4509 ad
1125 4456 1173 4510 troc
1185 4460 1311 4527 temporis
1326 4460 1490 4527 resederant,
1505 4467 1614 4519 omniuo
1634 4466 1718 4520 aliam
1730 4466 1797 4521 duci
1820 4484 1873 4522 oe-

238 4549 294 4592 tum
324 4539 429 4610 quidem
459 4542 672 4610 requirebantur.
701 4540 819 4598 Totidem
848 4562 908 4601 com
932 4550 1027 4618 paucis
1080 4549 1222 4603 cessariam
1247 4550 1400 4618 editionem,
1423 4569 1520 4625 eoquo
1545 4554 1789 4629 ilic,qooadeq'us
1808 4559 1874 4628 fieri

238 4627 336 4681 aditioe
358 4630 436 4684 annis
451 4630 479 4683 io
496 4646 556 4684 eom
568 4631 733 4701 incidissem,
746 4635 785 4689 sic
800 4636 876 4691 auide
895 4654 954 4692 eum
966 4640 1028 4695 dili·
1079 4648 1177 4709 posset,
1193 4640 1354 4697 eloerentor.
1369 4646 1528 4719 Quanquam
1535 4659 1622 4703 autern
1623 4650 1872 4723 pleraqueemata,

237 4729 381 4789 penterque
406 4721 531 4789 lectitati,
556 4731 586 4776 st
599 4722 645 4791 qui
660 4723 816 4779 diuturnam
836 4726 906 4781 sitim
924 4728 1027 4799 explere
1078 4733 1210 4803 quatior
1228 4736 1335 4804 sustuli,
1350 4738 1416 4792 ta'ia
1427 4740 1547 4808 foerurtt,
1560 4746 1713 4813 utaqsoois
1731 4759 1785 4797 nots
1800 4745 1873 4797 osci·

237 4821 352 4881 cuperet.
379 4808 469 4867 Multa
495 4812 566 4867 inter
589 4811 811 4889 dependam,qote
826 4820 891 4874 milti
910 4821 978 4891 [orte
998 4824 1026 4878 in
1078 4833 1152 4879 tante
1174 4843 1257 4895 neque
1281 4828 1385 4884 indocto
1406 4830 1502 4886 lectore
1525 4832 1690 4903 depredandi
1709 4836 1871 4905 potuerint,

236 4912 349 4957 mentem
359 4902 508 4970 ueniebant,
522 4922 553 4959 ar
564 4906 604 4961 rel
613 4907 651 4962 od
658 4912 852 4967 emendandum
865 4912 908 4969 oet
916 4915 951 4969 ad
961 4915 1024 4970 iliu·
1078 4934 1161 4986 oeque
1175 4920 1239 4975 orttu
1256 4937 1380 4993 nmquam
1403 4925 1465 4979 inde
1488 4926 1529 4981 rel
1544 4928 1645 4997 ioqeuii
1672 4929 1713 4983 rel
1735 4929 1872 4983 acuminis

236 4995 372 5050 strandum
399 4996 469 5051 douc
483 4998 635 5071 scriptorem
654 5002 811 5060 ridebantur
824 5008 966 5076 pertinere,
987 5010 1023 5064 od
1077 5006 1181 5066 lotidem
1193 5013 1274 5067 tribul
1285 5015 1413 5086 posulem
1424 5034 1434 5082 ;
1447 5022 1534 5073 tuissent
1547 5018 1616 5074 itum
1637 5022 1790 5090 scriptorem
1804 5022 1873 5076 diss·

236 5104 310 5142 oram
325 5088 386 5144 libri
399 5091 450 5144 roei
463 5092 623 5147 adstotabam
641 5106 650 5147 .·
673 5112 753 5168 eoque
773 5114 832 5170 quar
853 5105 1021 5157 adnotastem
1077 5102 1130 5154 tius
1143 5103 1348 5173 tamdepratnte
1361 5108 1540 5177 circumferri,
1555 5110 1626 5179 {erre
1637 5118 1685 5165 aot
1696 5111 1871 5171 dissimulare

235 5177 273 5231 ita
289 5190 394 5248 temere,
411 5191 489 5253 atque
503 5192 530 5237 ut
544 5186 660 5255 quidque
671 5188 719 5242 sub
736 5204 845 5245 acottten
869 5192 932 5262 stqls'
948 5209 1024 5247 uerte·
1077 5206 1129 5244 noo
1149 5194 1232 5259 potui.
1263 5192 1307 5248 Ita
1322 5198 1410 5252 nescio
1430 5215 1483 5269 quo
1497 5200 1780 5269 cupiditateacrettsu't
1794 5221 1869 5273 sum,

235 5280 289 5335 rat,
302 5280 393 5339 posteo
406 5272 474 5328 inter
484 5275 682 5333 describendum
706 5280 779 5335 tratis
801 5282 1024 5338 subindeocces-
1075 5282 1239 5342 adornanda
1259 5290 1341 5359 bttjrrs
1364 5307 1439 5348 ooote
1464 5293 1605 5361 editionis,
1632 5295 1676 5349 coi
1705 5296 1870 5367 peculiarem

233 5360 352 5417 sionibus
366 5365 502 5435 ouqebam.
519 5366 636 5425 Tandem
653 5372 743 5438 etiam,
756 5374 940 5429 accedentibus
951 5392 1022 5445 prm-
1074 5370 1171 5428 librum
1185 5374 1318 5434 Natarum
1331 5381 1455 5453 adjuret,
1469 5387 1498 5453 iu
1511 5385 1608 5457 quibus
1624 5402 1677 5443 non
1688 5387 1870 5443 modoetrters·

233 5454 322 5507 sertim
333 5453 539 5513 clarissimorum
551 5459 915 5522 uiroromadltortationibus.
930 5465 1021 5520 incen·
1074 5464 1214 5522 dationom
1235 5474 1304 5526 ratio
1323 5473 1489 5547 redderetur,
1501 5479 1547 5537 sed
1559 5480 1640 5537 etiarn
1659 5497 1699 5538 res
1715 5480 1866 5547 nonnullo,

240 5678 243 5683 Ι
268 5610 325 5681 (ibi
343 5612 433 5672 llsler.
449 5617 583 5683 Andreas,
600 5616 702 5673 casim.
718 5616 852 5683 Oodinos,
865 5616 894 5673 ll.
911 5632 954 5674 cc.

269 5676 326 5777 (tit)
347 5683 431 5753 Epist.
447 5688 575 5757 dedicat„
593 5686 638 5743 iol.
660 5686 688 5755 i,
704 5688 732 5746 lt.
745 5704 787 5759 stt.
802 5688 913 5745 Praelot.
927 5688 974 5747 iol.
988 5684 1015 5745 l.
1044 5705 1069 5748 u
1081 5688 1109 5762 b,
1128 5688 1174 5748 iol.
1190 5691 1217 5761 i,
1237 5709 1264 5752 o.
