4000 6350
212 372 275 430 '259
805 373 985 433 ubernent
1006 373 1267 436 ctsrssttcnm'sis
1799 383 1858 443 260

221 484 331 556 iuuentis
346 488 483 560 regalibus
496 495 610 544 ornatus
621 487 791 546 indumentis
807 489 834 546 in
846 489 912 547 sedo
924 491 1011 561 regni,
1027 491 1118 554 Atius
1145 493 1198 550 snb
1226 495 1339 552 nantino
1363 495 1484 567 junioris
1513 491 1619 564 hierii,
1639 497 1686 569 qni
1715 497 1858 571 principes

223 588 255 637 ut
271 581 374 650 decuit,
386 583 490 654 absque
504 595 582 636 mora
596 581 760 653 collocatus,
776 581 921 640 dimidiam
948 599 1037 657 pro,
1065 589 1203 644 exercitus
1221 587 1310 645 nostri
1338 588 1373 644 dc
1401 591 1501 648 castris'
1527 590 1562 646 ad
1586 591 1676 664 ipsum
1697 603 1857 659 evocarent,

226 675 319 730 misse
336 672 460 746 pecuale
483 677 588 743 partera
612 673 784 746 principibus
809 677 912 732 nostris
929 675 1015 731 benc·
1064 681 1143 751 quasi
1166 683 1331 752 promissam
1355 684 1500 754 pecuniam
1525 690 1554 740 et
1579 683 1693 755 iusuper
1720 683 1860 756 ampliora

224 767 330 824 solem
344 766 495 824 liberaliter
519 769 659 827 numerari
682 767 789 839 jussit,
817 783 932 840 sperans
944 767 1013 825 seitl
1064 787 1180 830 munera
1202 775 1283 846 regie
1300 776 1474 834 liberalitatis
1490 785 1665 848 accepturus.
1693 773 1772 842 Quod
1791 787 1859 830 cnm

223 857 297 934 quod
312 857 449 928 reliquum
460 867 531 924 erat,
553 859 720 918 brevissimo
744 870 867 932 tompore
889 859 1015 916 redditu·
1065 866 1099 921 ad
1128 865 1203 937 ipsos
1220 868 1355 939 perlatum
1379 874 1464 935 esset,
1491 867 1545 940 ipsi
1570 875 1702 938 tanquam
1729 867 1859 924 hominos

221 963 295 1008 rum.
313 947 473 1018 llansernnt
483 950 578 1022 itaque
607 954 696 1009 nostri
711 953 739 1008 ia
755 951 815 1024 ipso
837 951 948 1008 civitate
965 969 1015 1023 per
1063 957 1431 1032 christianaesimpiieitstis,
1454 960 1558 1016 nuliam
1577 959 1614 1015 ibi
1628 958 1752 1014 fraudent
1763 957 1861 1030 suspi-

222 1041 329 1114 aliquot
340 1041 413 1108 dies,
426 1049 454 1098 et
471 1051 527 1098 tam
539 1044 601 1102 noti
616 1044 690 1117 regis
704 1061 788 1117 quam
815 1043 917 1102 ciuium
938 1045 1015 1116 ipso·
1064 1059 1159 1108 cantes
1172 1091 1180 1117 ,
1193 1053 1289 1109 urbem
1303 1052 1409 1124 ingredi
1429 1051 1610 1120 festinabant;
1637 1051 1739 1124 quippe
1754 1053 1803 1124 qui
1816 1050 1859 1106 nil

223 1149 286 1190 rum
304 1133 438 1206 obsequio
453 1135 725 1206 moderatoutentes‚
750 1139 778 1196 id
792 1143 913 1198 maxime
933 1155 1015 1196 caro·
1065 1144 1157 1200 minus
1171 1144 1328 1201 metuebant
1350 1159 1432 1215 quarn
1453 1159 1555 1201 nonum
1582 1159 1689 1217 regom,
1704 1159 1787 1215 quem
1803 1142 1859 1215 ipsi

221 1225 289 1282 bant
305 1241 340 1282 ae
353 1227 400 1282 uui
414 1229 525 1288 onerosi
546 1229 670 1302 hospites
690 1231 859 1290 riderentur.
878 1231 931 1290 Sed
943 1249 1014 1306 quo-
1064 1245 1235 1303 erearerant,
1252 1244 1308 1294 tam
1326 1239 1402 1294 brem
1420 1239 1553 1312 temporis
1572 1237 1690 1294 articulo
1707 1237 1741 1293 de
1764 1235 1860 1292 medio

221 1315 297 1374 niam
312 1317 413 1376 civitas
427 1321 499 1390 ipsa,
513 1319 578 1378 licet
591 1332 732 1393 magnast
748 1325 885 1396 speciosa,
903 1325 1015 1384 duobus
1063 1341 1124 1383 esse
1138 1329 1289 1388 sublatum.
1317 1327 1384 1387 Erat
1410 1340 1501 1389 autom
1516 1330 1569 1387 ‘ibi
1584 1331 1627 1388 ιιι
1650 1329 1762 1402 quidam
1790 1345 1860 1401 pru-

222 1409 331 1478 popuiis
343 1418 398 1465 tam
423 1410 541 1468 dirersis
570 1412 663 1484 lingua
678 1425 706 1470 et
720 1415 863 1482 moribus,
879 1432 932 1472 nec
943 1419 1014 1474 satis
1064 1419 1253 1491 lentissimum,
1269 1421 1326 1478 dux
1340 1422 1469 1481 videlicet
1482 1421 1662 1489 Venetorum,
1677 1437 1768 1478 cacus
1793 1423 1860 1493 qui·

223 1507 319 1558 mutua
333 1501 480 1558 dilectione
503 1505 751 1574 coessentienribus,
766 1515 904 1580 tantaeque
925 1509 1014 1566 lrorni-
1044 1540 1047 1548 ·
1064 1511 1127 1569 dem
1140 1513 1170 1570 in
1182 1513 1263 1581 iacis,
1284 1515 1333 1572 sod
1353 1515 1609 1588 perspicacissimus
1625 1515 1654 1570 ia
1676 1523 1791 1582 merite,
1805 1515 1858 1588 ‚qni

221 1607 287 1648 num
302 1601 330 1648 et
341 1609 476 1664 equorum
492 1596 664 1654 multitudhti
680 1597 804 1656 sufficere
819 1614 874 1656 uon
895 1600 1013 1666 valebat,
1065 1605 1191 1676 corporis
1205 1607 1356 1664 cecitatem
1384 1609 1470 1664 animi
1488 1609 1583 1680 rigore
1600 1615 1682 1679 atquc
1708 1605 1860 1678 prudentia

221 1685 327 1755 placuit
341 1685 383 1742 eis
399 1693 439 1753 ut,
455 1688 639 1758 relictaurbe,
652 1689 680 1748 in
697 1691 789 1748 inerrat
803 1691 916 1764 planum
930 1702 1014 1765 atque
1065 1688 1170 1766 optime
1181 1699 1388 1769 compensabat.
1403 1697 1483 1755 lirrnc
1509 1699 1556 1754 alii
1580 1712 1689 1770 semper
1716 1697 1744 1752 iu
1772 1696 1860 1754 rebus

221 1775 353 1834 diffusum
378 1794 440 1839 sese
463 1781 628 1854 reciperent,
655 1783 750 1855 ibique
773 1785 873 1855 positis
899 1787 1012 1852 castris,
1064 1789 1203 1860 ambiguis
1213 1792 1288 1846 omni
1302 1790 1445 1863 diligentia
1464 1789 1656 1860 consulebant,
1668 1798 1697 1845 et
1708 1790 1741 1846 ad
1757 1797 1858 1845 nutum

222 1869 359 1941 promissa
386 1869 458 1942 regis
483 1874 654 1930 commodius
680 1883 883 1946 exspectarent.
904 1875 1014 1943 eribus
1030 1878 1124 1950 pejus
1153 1882 1262 1952 publica
1290 1885 1399 1956 negotia
1427 1883 1555 1940 solebant
1575 1881 1733 1958 disponere.
1763 1881 1858 1954 hquo

223 1960 320 2018 urbem
334 1965 455 2034 egressis
469 1964 553 2034 cepit
563 1966 632 2022 oriri
647 1968 757 2024 occulta
774 1968 900 2040 quadam
912 1969 1014 2025 cisium
1064 1984 1126 2026 cum
1143 1971 1190 2027 alii
1209 1986 1287 2028 more
1310 1974 1393 2030 solito
1407 1975 1570 2046 quesissent
1581 1971 1648 2044 quid
1666 1971 1691 2029 ei
1710 1972 1744 2028 de
1758 1971 1812 2027 bac
1826 1986 1859 2026 re

222 2053 357 2110 adversus
371 2070 462 2128 regem
479 2055 589 2123 seditio,
614 2057 753 2131 plerisque
774 2061 1015 2118 murmurantibus
1063 2060 1213 2127 rideretm.
1228 2063 1361 2121 dissuasit
1375 2081 1410 2122 ne
1424 2080 1465 2131 se,
1482 2079 1576 2122 amore
1595 2062 1730 2137 pecunie,
1742 2059 1857 2119 trece-

221 2145 295 2218 quod
310 2147 370 2218 ipse
387 2147 515 2206 homines
539 2149 704 2222 peregrinos
731 2161 759 2208 et
783 2153 939 2208 amoribus
954 2154 1015 2211 sais
1064 2167 1127 2207 rum
1148 2152 1220 2210 dolis
1242 2164 1423 2227 exponerent.
1440 2157 1536 2212 dicens
1565 2171 1596 2213 se
1622 2155 1743 2226 idipsum
1758 2153 1858 2210 timere

156 2325 158 2330 Α
222 2239 330 2296 alienos
354 2247 432 2296 tanto
456 2240 559 2298 foveret
588 2242 740 2309 edecimes
763 2244 823 2315 jam
850 2243 910 2301 iere
928 2246 1015 2302 tatius
1064 2245 1137 2316 quod
1151 2254 1290 2312 evenerat,
1300 2247 1326 2302 id
1337 2255 1391 2310 est,
1410 2261 1445 2301 ne
1456 2246 1566 2316 jetrcnis
1583 2246 1695 2302 Alesios
1709 2247 1753 2302 sei
1768 2261 1784 2301 a
1797 2245 1858 2304 suis

221 2345 289 2404 opes
303 2332 414 2392 tracta
438 2334 500 2392 sine
524 2350 609 2392 cansa
637 2337 671 2394 ad
696 2353 746 2394 eos
769 2338 969 2404 transtulisset,
986 2347 1015 2394 et
1063 2338 1388 2408 perceptoremque
1412 2343 1542 2408 tanquam
1557 2335 1670 2392 Grmcus
1694 2351 1806 2408 genere,
1822 2335 1858 2392 ab

221 2425 312 2484 adhuc
328 2426 499 2484 tantumdem
513 2428 557 2484 rel
583 2427 657 2485 iorte
677 2429 768 2500 plura,
794 2431 914 2502 spoliato
928 2445 1015 2503 regno
1064 2428 1263 2499 mrcnrmptus
1283 2437 1407 2485 nostram
1421 2443 1484 2484 cum
1501 2427 1556 2484 iliis
1570 2427 1777 2484 machinaretur
1794 2442 1859 2498 per-

221 2529 284 2582 sua,
297 2515 340 2574 eis
356 2516 449 2587 largiri
461 2527 637 2589 proponeret.
649 2520 738 2586 Quam
761 2535 818 2577 rent
834 2535 900 2577 eunt
916 2537 1014 2578 omnies
1065 2518 1177 2576 triciens.
1194 2519 1263 2575 buta
1284 2536 1351 2591 ergo
1370 2520 1510 2592 principes
1525 2535 1609 2593 snper
1632 2520 1686 2575 hac
1705 2534 1736 2576 re
1751 2517 1858 2576 diutius

221 2607 280 2666 lere
293 2616 496 2682 quererentur,
528 2610 589 2668 ansi
619 2619 685 2668 sutri
708 2613 789 2669 etiam
816 2615 906 2686 ipsum
922 2628 1014 2686 regem
1064 2611 1285 2675 consultassent,
1308 2613 1398 2668 nttrrtii
1416 2627 1482 2668 roro
1504 2619 1684 2685 perurgerent
1692 2611 1856 2678 instantius,

220 2708 347 2771 patenter
359 2717 486 2775 arguere.
516 2705 626 2777 publice
650 2705 827 2777 prohibentes
849 2723 884 2764 ne
897 2723 1013 2779 rognum
1063 2704 1155 2777 erupit
1167 2719 1263 2760 rumor
1275 2705 1321 2760 iile
1339 2705 1374 2760 de
1388 2705 1619 2771 mediociritatis,
1644 2713 1672 2760 et
1694 2705 1857 2761 uniuersum

221 2809 302 2852 suum
319 2811 369 2868 pro
382 2795 536 2856 commodis
560 2798 692 2870 spoliaret
718 2799 826 2867 alienis,
850 2817 886 2858 ne
900 2815 1013 2858 sumum
1063 2795 1857 2868 exercitunrgrariterrorecoacussit.lidebantscinterra

221 2887 343 2961 inopiam
359 2889 479 2960 predam
496 2889 600 2950 iaceret
624 2893 760 2961 aliorum;
786 2894 834 2950 sed
863 2909 923 2958 eos,
950 2901 1014 2949 tan-
1063 2889 1157 2946 hostili
1172 2890 1357 2962 deprehensos
1369 2927 1377 2957 .
1391 2891 1420 2946 in
1439 2890 1530 2948 medio
1541 2890 1669 2963 pessime
1681 2890 1813 2956 nationis.
1828 2899 1858 2948 et

221 2996 304 3054 quam
335 2997 427 3042 rerum
453 2983 604 3041 alienarum
631 2985 826 3057 cupidissimos
854 2988 1012 3054 invasores,
1063 2983 1141 3040 illum
1157 2993 1265 3056 raptum
1279 2999 1295 3040 e
1307 2981 1375 3048 rita,
1390 2999 1471 3056 quem
1488 2983 1540 3056 ipsi
1554 2983 1636 3039 eis'in
1651 2999 1736 3039 manu
1751 2983 1857 3056 potenti

221 3075 327 3147 puriter
340 3092 403 3134 cunr
429 3077 498 3150 ipsis
527 3087 740 3150 persequeretur
754 3087 780 3136 et
795 3079 933 3150 perderet.
946 3078 1014 3147 Quas
1064 3083 1092 3133 st
1106 3091 1207 3148 magno
1221 3085 1326 3133 terrore
1341 3091 1432 3148 regern
1450 3075 1624 3144 induxerant,
1645 3078 1692 3148 qni
1714 3077 1813 3147 utique
1831 3077 1857 3139 si

221 3168 331 3226 illorum
346 3168 447 3227 seditio
463 3186 566 3228 norum
577 3186 669 3244 regem
681 3171 857 3229 vehementer
866 3173 1012 3239 exterruit,
1065 3169 1187 3236 vireret,
1204 3176 1297 3241 posset
1308 3177 1337 3225 et
1356 3167 1465 3223 illorum
1480 3165 1638 3223 vecordiam
1655 3166 1815 3239 reprimere,
1829 3173 1857 3223 et

220 3270 279 3319 tum
305 3275 417 3335 propter
443 3264 545 3321 uirium
558 3280 655 3321 eorum
680 3264 845 3337 perddium,
873 3268 921 3339 qui
949 3244 1049 3325 ettntc
1065 3272 1177 3323 nostros
1194 3263 1505 3337 plurimum-consolari,
1520 3276 1623 3335 eosque
1635 3278 1750 3321 sccums
1765 3279 1799 3320 ac
1816 3264 1858 3318 lo-

220 3357 311 3414 coacti
323 3364 521 3428 susceperant,
549 3364 608 3413 tum
632 3365 747 3430 propter
773 3358 860 3426 iliam,
887 3376 969 3431 qnam
985 3360 1014 3417 ix
1065 3357 1188 3429 cupietes
1209 3357 1245 3413 de
1259 3372 1347 3428 regno
1362 3370 1415 3411 suo
1439 3354 1473 3411 ad
1485 3356 1649 3427 explendum
1666 3356 1721 3413 iter
1734 3371 1793 3413 sure
1808 3372 1858 3428 pe-

220 3438 333 3508 noslros
361 3449 481 3507 habebat
520 3448 718 3515 dilectionem,
746 3456 805 3506 tunt
833 3459 948 3524 propter
968 3452 1014 3524 ju·
1064 3447 1259 3521 regrioatiouis
1279 3447 1415 3503 emittere.
1443 3445 1550 3514 Quibus
1568 3446 1698 3503 omnibns
1722 3462 1754 3504 se
1781 3464 1857 3505 nunc

219 3550 376 3601 ramentum
403 3542 439 3599 dc
464 3540 604 3599 reddenda
619 3544 754 3614 pecunia,
768 3544 841 3617 qnod
855 3544 916 3617 ipss
941 3546 1014 3602 bona
1064 3538 1213 3598 tenentos
1228 3540 1338 3612 penitus
1355 3540 1552 3611 agnoscebant,
1570 3538 1640 3596 adeo
1658 3548 1690 3596 ut
1702 3540 1857 3597 nihiialiud

222 3636 275 3691 hdo
305 3634 480 3706 prestiterat.
510 3634 625 3693 Videres
653 3650 716 3692 eum
744 3637 864 3707 graviter
889 3638 1013 3705 anxiari,
1064 3648 1146 3707 quam
1157 3642 1272 3689 mortem
1285 3649 1301 3689 a
1315 3646 1462 3706 regenero
1474 3640 1502 3688 et
1516 3632 1624 3689 ciuibus
1636 3633 1793 3691 certissime
1808 3650 1858 3691 ex·

220 3728 300 3799 qnasi
322 3727 442 3784 medium
465 3728 538 3787 inter
564 3743 677 3785 suorum
700 3728 851 3801 nequitiam
883 3738 911 3786 et
937 3745 1014 3788 amo·
1064 3732 1230 3799 spectarent.
1244 3726 1316 3795 Quid
1329 3726 1404 3782 enim
1417 3738 1513 3797 agore.
1532 3732 1580 3780 aut
1596 3724 1663 3796 quid
1680 3727 1739 3798 spei
1755 3724 1859 3783 hahere

221 3834 280 3875 rem
309 3825 491 3886 nostrorum,
511 3828 540 3877 et
563 3822 679 3894 gratiam
703 3821 821 3897 Philippi
843 3824 927 3899 regis,
939 3826 1013 3899 quod
1064 3826 1191 3892 poteram
1213 3818 1340 3875 bomincs
1359 3817 1495 3891 peregrini
1515 3818 1543 3873 in
1557 3817 1606 3873 tali
1621 3818 1740 3875 articulo
1758 3818 1858 3890 deprc-

220 3912 247 3970 ιι
263 3916 376 3967 noeros
399 3910 441 3968 ret
467 3909 575 3969 tattent
596 3914 639 3969 vet
667 3914 794 3980 tenerer,
816 3916 936 3989 graviter
959 3934 1014 3976 me·
1064 3910 1170 3977 mast:-
1185 3926 1238 3969 nec
1265 3912 1399 3967 babentes
1424 3910 1510 3967 ullum
1542 3912 1700 3967 maturitatis
1729 3920 1858 3984 recepta-

218 4004 314 4061 tuemt
348 4002 495 4062 sternuere.
526 4005 595 4061 cnm
624 4020 691 4079 ergo
714 4006 748 4063 ad
773 4015 879 4065 tantum
905 4009 1013 4069 taetras
1064 4004 1169 4069 cutum.
1185 4017 1242 4075 uuo
1266 4002 1309 4059 aet
1332 4002 1367 4059 aa
1384 4002 1480 4059 aaran
1498 4002 1656 4075 rosscuttb
1674 4003 1789 4059 incursu
1809 4004 1861 4059 bo·

219 4112 276 4154 non
288 4097 370 4155 iacile
382 4098 597 4172 possetimpelii,
611 4097 735 4155 lirrrciilo
753 4099 815 4168 iile,
832 4102 913 4173 ctrins
927 4118 1012 4174 supe·
1063 4098 1147 4155 stium
1168 4097 1325 4169 respiraro?
1339 4095 1494 4153 indicerent
1507 4096 1549 4153 cis
1561 4096 1674 4162 bellum,
1689 4106 1721 4152 nt
1739 4113 1790 4155 cos
1805 4114 1859 4170 pn·

219 4188 279 4247 ritus
295 4188 412 4248 lecimus
426 4190 603 4256 mentionem,
618 4191 699 4261 cujas
717 4191 834 4249 coasilio
860 4200 938 4264 pater
951 4196 1013 4265 eius
1063 4190 1134 4248 biise
1148 4192 1175 4246 in
1190 4205 1268 4245 snam
1288 4191 1504 4261 persecutionem
1520 4191 1683 4255 excitarent,
1699 4206 1770 4262 quos
1785 4192 1859 4250 scic-

221 4298 354 4356 caecatus,
367 4290 464 4362 etipse
479 4290 506 4347 ia
521 4306 659 4348 carcerem
676 4298 801 4349 retrusus
827 4292 926 4356 iuerat.
948 4312 1011 4351 curs
1063 4283 1130 4340 bttt‘
1152 4290 1180 4339 ti
1194 4290 1273 4338 antea
1292 4284 1409 4338 latenter
1432 4281 1483 4339 tilii
1496 4298 1558 4339 ⁰⁸⁸0
1574 4283 1724 4342 inimicos?
1737 4282 1774 4340 Ᾰῑ
1790 4300 1860 4341 vett)

219 4383 332 4455 propria
353 4399 437 4439 manu
454 4370 753 4447 suffocavit‚fflgengg
776 4382 866 4439 Minus
882 4400 1013 4441 essequa.
1063 4372 1172 4429 mortim
1197 4372 1546 4437 inssttiittseralnunterus,
1574 4381 1601 4428 el
1621 4374 1670 4444 qui
1688 4374 1859 4448 quotidianis

219 4476 287 4540 ium,
302 4475 326 4531 si
343 4478 419 4533 solus
442 4476 500 4546 ipso
520 4475 649 4549 presenti
674 4476 736 4531 uitas
759 4476 829 4532 iuret
857 4487 1011 4546 exemptus,
1062 4472 1199 4521 tttstettl
1214 4464 1422 4535 supplementis,
1439 4464 1505 4519 0²1ss
1522 4472 1594 4537 [tiit
1614 4467 1736 4537 limittit,
1750 4466 1797 4523 ubi
1813 4468 1855 4525 eis

221 4582 304 4639 qaam
321 4568 344 4623 si
364 4566 449 4625 totius
473 4567 584 4623 Graeciae
608 4582 676 4639 opes
698 4567 733 4622 ad
748 4568 855 4638 ignotos
879 4568 1011 4638 quosdam
1026 4581 1050 4639 p
1063 4556 1154 4613 mania
1168 4557 1280 4628 copiose
1300 4564 1492 4628 suppetercnt;
1509 4556 1598 4612 notit}
1626 4568 1717 4613 autent
1736 4558 1858 4628 paucies

220 4659 348 4716 homines
358 4660 420 4731 ejus
439 4658 555 4715 stultitia
580 4658 808 4717 transferrentur.
829 4658 890 4727 Quo
904 4660 1013 4718 strhialo
1063 4650 1160 4720 5¹¹⁰!les
1173 4647 1200 4704 5¹¹
1212 4648 1303 4705 ffl⁰d¹⁰
1315 4648 1530 4714 inimicnrmn,a
1547 4648 1699 4720 (1¹¹lenil
1709 4648 1783 4705 ‘iliud
1793 4664 1860 4720 8Ρο-

221 4751 357 4807 dcrncdto
372 4752 431 4823 ipse
450 4758 581 4822 tanquan
597 4750 679 4807 trono
692 4752 761 4823 regit
775 4752 896 4823 generis,
913 4764 940 4808 er
954 4754 1014 4825 ipse
1063 4754 1127 4797 rare
1155 4749 1293 4812 pensan,
1314 4739 1370 4796 uisi
1397 4748 1543 4811 qnantum,
1570 4746 1601 4795 tt
1614 4740 1652 4795 aa
1671 4740 1781 4810 icquar,
1795 4740 1860 4797 suis

221 4857 333 4913 quoqne
347 4840 482 4913 sanquine
499 4842 682 4913 propinquus,
703 4838 829 4895 diadema
856 4840 907 4895 sibi
925 4840 1013 4913 impu·
1063 4840 1176 4906 possent
1200 4834 1235 4889 ab
1251 4834 1293 4889 eis
1314 4832 1412 4903 gladiis
1431 4848 1572 4889 exsecare.
1602 4830 1704 4889 Sedet
1728 4832 1859 4889 illudens

223 4932 289 4997 suit,
303 4942 331 4989 et
340 4930 443 5004 regiam
459 4932 551 4989 sedem
573 4939 629 4986 tam
656 4928 787 4986 audacter
804 4945 885 5001 quam
908 4931 1014 5003 lmpru·
1063 4928 1210 5001 plurimum
1225 4926 1416 4992 contristabat,
1431 4926 1504 4997 qaod
1519 4926 1655 4998 promissa
1667 4924 1783 4997 pecunia
1797 4940 1858 4980 nra⁴

220 5023 318 5079 denter
331 5038 481 5093 occupans,
496 5024 568 5095 cepit
592 5020 717 5093 dercgni
731 5020 847 5093 negotiis
861 5032 889 5078 et
905 5030 1013 5080 nestro·
1062 5033 1115 5091 gna
1141 5034 1174 5074 er
1188 5028 1265 5088 parto
1281 5018 1405 5073 bustuali
1429 5026 1526 5085 crant,
1557 5018 1636 5088 cajus
1662 5034 1711 5089 spe
1724 5016 1779 5089 ipsi
1804 5016 1859 5073 iter

220 5132 283 5171 rum
308 5116 464 5187 perditione
491 5114 641 5175 crudeliter
664 5115 796 5186 cogitare.
824 5114 911 5185 Cujus
923 5131 974 5172 tros
984 5116 1012 5172 ia
1063 5122 1143 5169 suunt
1164 5112 1340 5177 distulerant,
1363 5118 1391 5167 ct
1407 5110 1537 5167 uiaticum
1552 5111 1784 5183 peregrinationis
1798 5124 1858 5165 suae

220 5210 274 5265 h'oe
285 5207 357 5265 iacto
373 5210 540 5280 impietatem
554 5209 687 5263 attentius
702 5208 892 5269 abhorrentes.
908 5210 945 5265 ita
963 5224 1012 5265 co·
1062 5203 1181 5276 negotiis
1194 5205 1399 5275 insumpserant
1414 5205 1522 5261 alienis.
1553 5202 1701 5277 Elcgcrunt
1715 5208 1810 5259 tamen
1823 5202 1858 5257 il·

218 5302 311 5378 gimttr
322 5300 488 5359 exelnrnare.
1063 5296 1120 5363 ind,
1141 5298 1215 5369 quod
1235 5296 1324 5353 intuli
1339 5312 1406 5354 casu
1422 5297 1556 5369 optimum
1571 5294 1741 5366 putabatur,
1762 5292 1857 5348 eonsi-

255 5398 299 5458 ll.
319 5394 445 5455 Crudelis
472 5396 553 5469 igitur
577 5394 725 5469 parricida,
750 5405 893 5469 postquam
912 5394 1013 5467 jurrone
1062 5392 1140 5454 lium,
1158 5388 1334 5447 dissimulato
1351 5396 1436 5455 nretu,
1451 5389 1513 5445 sine
1529 5402 1586 5459 qno
1601 5386 1696 5458 utique
1711 5400 1776 5443 esse
1799 5400 1856 5442 noa

219 5478 354 5549 sitdocato
397 5505 511 5561 regnam
550 5486 651 5543 tarasia
679 5496 706 5544 ot
735 5488 847 5553 tenuit,
870 5488 955 5563 jussit
977 5484 1012 5542 ad
1063 5494 1199 5559 poterant.
1215 5484 1490 5542 taitraciterobscssis
1512 5483 1640 5541 hostibus
1655 5482 1812 5547 imminere,
1827 5486 1856 5537 ct

219 5592 327 5657 lorttpus
353 5596 492 5639 rutnorom
510 5580 592 5651 hujus
614 5578 726 5638 sceleris
751 5578 861 5636 reticeri
887 5594 920 5633 ac
946 5594 1012 5650 sup·
1062 5577 1256 5633 invindictam
1272 5576 1397 5633 strii'ocati
1413 5574 1854 5648 regis,quemipsiinstitue'mnt.

218 5678 319 5749 primi.
335 5694 370 5733 nc
386 5678 479 5733 statim
498 5674 532 5732 ad
547 5682 637 5731 castra
663 5674 825 5746 perveniens
853 5678 1012 5727 nostrorum
1062 5675 1147 5722 totam
1172 5666 1266 5723 urbem
1293 5682 1356 5723 cum
1376 5666 1484 5722 risibus
1499 5666 1558 5721 suis
1582 5672 1610 5721 et
1623 5664 1671 5719 illo
1690 5658 1856 5719 exsecrabili

218 5770 333 5827 auribus
359 5770 508 5834 insonaret,
537 5778 683 5841 antequam
706 5768 765 5837 ipse
784 5772 924 5836 concepte
936 5763 1012 5819 irau-
1062 5760 1210 5829 parricida,
1228 5760 1298 5817 hsnr
1318 5759 1430 5833 quidem
1447 5760 1481 5815 ad
1495 5758 1644 5823 excidium,
1661 5756 1724 5813 illos
1738 5770 1805 5811 vcro
1820 5754 1859 5809 ad

217 5862 263 5921 dis
278 5862 450 5936 experiretur
472 5861 624 5931 molimina,
641 5859 770 5929 misitque
782 5857 913 5913 continuo
943 5872 1013 5913 nua·
1062 5862 1165 5910 certam
1193 5854 1289 5910 mortis
1308 5868 1417 5923 posnam
1440 5864 1595 5924 reposcere.
1620 5848 1728 5916 Quibus
1756 5846 1797 5902 its
1810 5845 1857 5904 ιιι·
