4000 6350
273 381 330 444 Μ
857 368 1038 433 ettttitttittt
1057 363 1319 426 cts'tettctbtists
1400 367 1424 389 ''
1864 355 1916 412 ext

277 517 355 568 num,
368 497 465 558 fratris
478 492 653 569 tyrannidem
666 495 860 558 conquestum,
875 501 1009 558 suspensa
1021 484 1071 541 fite
1084 485 1108 543 Α
1122 481 1222 553 quippe
1239 479 1365 537 sciebant
1379 475 1483 533 fratrea
1496 487 1588 546 repent
1611 471 1639 528 in
1657 469 1831 526 Palestinam
1850 485 1915 542 pm-

275 589 541 660 constantiuopoiim
559 587 721 652 destinaret,
745 581 858 652 ancipiti
881 594 965 636 causa
984 577 1068 636 certis
1118 570 1321 629 cinctumfleo
1335 569 1383 626 iiic
1413 567 1562 639 quidquam
1588 561 1802 632 eiicere,quam
1831 577 1914 618 ersu-

276 683 440 746 oommodis,
461 679 577 736 bouestc
603 677 694 732 minus
706 689 790 746 quatu
814 671 976 745 prudenter,
992 677 1069 742 post-
1119 663 1173 720 iem
1188 661 1312 732 Ragonio
1326 659 1448 732 pontidci
1463 656 1702 721 commendatum,
1717 669 1855 711 concesso
1873 655 1915 709 in·

275 777 375 850 pom„
1120 757 1200 812 terim
1212 753 1355 813 bladisfao
1370 754 1398 809 in
1423 753 1572 824 bospitinm
1598 747 1917 820 ditenburqu.f>ostmo-

311 865 414 923 Contra
435 861 585 934 bogerium
602 859 704 918 Siciliae
719 872 810 930 regem
836 865 937 928 praeter
947 862 1067 910 veterem
1119 847 1184 904 durm
1198 845 1357 909 redux,una
1372 857 1434 900 cum
1447 842 1513 908 fullo,
1527 841 1647 897 bettrico
1661 853 1735 910 repe,
1744 839 1914 909 diligentiam

276 956 404 1027 iujuriam
419 965 448 1009 et
463 965 598 1012 recentem
612 950 800 1014 ambitionem,
812 947 988 1018 spoliatorum
1000 958 1068 1014 quo-
1120 951 1230 992 omnem
1248 935 1386 1000 atlbibuit,
1398 936 1514 1006 jurante
1533 932 1656 1003 Eugenio
1675 932 1760 986 etiam
1786 930 1915 1002 pontifice

276 1063 330 1117 que
344 1047 380 1102 ob
395 1044 472 1117 regui
487 1043 567 1098 iidem
580 1041 685 1113 dpuiim
698 1053 841 1111 pmcerutn
857 1051 978 1108 presens
994 1050 1070 1092 com·
1121 1029 1277 1084 interdictis
1295 1042 1345 1098 per
1372 1027 1512 1083 boloniam
1536 1024 1634 1080 sacris.
1652 1023 1756 1079 Vertuu
1781 1025 1917 1094 episcopis

276 1139 418 1195 miseratio
447 1136 601 1206 principum
635 1135 742 1188 animos
769 1133 908 1186 incitarat.
937 1128 1069 1184 Conulicta
1121 1119 1289 1190 baeoparnm
1309 1117 1597 1183 curantibus,iufecta
1623 1115 1733 1186 ucqona
1757 1113 1917 1170 Fridericus

276 1235 341 1282 tune
355 1224 493 1293 expeditio
509 1237 562 1278 una
577 1238 639 1277 omn
664 1219 969 1276 ftomnuaconttcienda
996 1218 1068 1272 intra
1122 1217 1237 1272 invenit.
1254 1213 1320 1272 iirat
1350 1227 1442 1270 autem
1470 1222 1563 1270 mutus
1574 1212 1760 1282 expeditionis
1784 1209 1874 1276 fauor,
1890 1219 1918 1265 ιι

278 1318 432 1374 biennium.
449 1315 502 1372 Sed
517 1315 551 1370 ati
565 1329 622 1370 rem
642 1315 687 1370 ubi
702 1323 861 1384 peruentum
877 1310 938 1376 fnit,
951 1325 983 1365 ex
998 1307 1070 1366 buflo
1120 1308 1239 1366 secunda
1254 1307 1345 1363 italica
1358 1306 1582 1376 posttmocrotnr,
1598 1311 1627 1360 et
1649 1303 1729 1360 miles
1749 1302 1917 1360 Teutonicos

279 1407 405 1464 iiontano
435 1407 527 1460 tristes
550 1403 677 1472 miserim,
706 1402 833 1472 contagio
860 1402 1070 1467 coeli,minutus
1121 1403 1155 1457 ad
1167 1400 1284 1458 oderam
1301 1399 1475 1469 pou-renierus,
1501 1398 1691 1465 inexspectato
1721 1394 1917 1466 pontistrujc·

276 1499 414 1556 exercitus
436 1499 516 1554 tatio
548 1497 668 1566 speeiem
695 1495 853 1563 prebuere.
883 1491 1068 1563 nequidquam
1121 1491 1218 1558 ctu,iu
1235 1492 1340 1548 bostem
1356 1490 1429 1544 uitro
1454 1497 1559 1543 rueret.
1583 1486 1678 1541 Potoni
1702 1484 1758 1540 iate
1776 1493 1917 1540 vastantes

277 1597 393 1659 urgente
409 1587 586 1656 imperatore,
597 1601 677 1656 quem
694 1587 727 1640 ad
742 1585 867 1655 proprios
880 1585 927 1638 ine
943 1582 1070 1640 stimulos
1121 1584 1262 1656 propriam
1281 1593 1382 1638 terrant
1395 1595 1492 1637 arcere
1506 1579 1608 1635 fmstrn
1634 1577 1736 1643 conati,
1754 1577 1782 1633 in
1800 1576 1918 1632 deditio·

278 1685 362 1737 ctfatn
381 1681 502 1751 pontifex
526 1679 700 1746 accenderat,
726 1677 789 1733 Erat
818 1688 907 1732 autmu
938 1674 1071 1746 bogerius
1123 1671 1757 1746 nemcoquntur3scdpraeteriistampecuniec
1770 1684 1918 1735 summam,

280 1772 451 1830 celeberrimi
470 1771 583 1828 lieberti
599 1771 755 1840 (infecundi,
778 1771 853 1841 regni
867 1768 989 1825 sictttuni
1006 1768 1069 1823 lun-
1088 1780 1151 1872 Bet
1170 1771 1324 1824 restitutam
1341 1766 1481 1825 btadistao
1497 1762 1644 1830 Sileslam,
1667 1761 1799 1833 neglectae
1812 1770 1919 1817 cetera

279 1861 393 1922 datoris.
410 1874 444 1917 ex
462 1860 547 1917 fratre
574 1860 692 1932 fingenio
711 1873 806 1929 nepos,
829 1859 900 1930 putri
918 1875 1013 1915 comes
1027 1858 1071 1913 Si·
1125 1862 1201 1933 pacis
1213 1861 1396 1917 conditiones.

278 1951 350 2010 ciliae
375 1955 524 2010 succedens
547 1969 620 2009 anuo
649 1953 714 2009 tt0t
740 1952 790 2008 surb
815 1956 912 2008 matris
935 1947 1075 2008 nutctaidis
1159 1953 1292 2009 bubnniae
1307 1966 1423 2022 regnunt
1439 1957 1561 2021 spectata
1577 1945 1736 2013 auctoritas,
1752 1943 1919 2001 dumSoeno
1991 2000 1992 2003 ,

277 2045 455 2117 Bnrquudiese
467 2043 561 2100 tutela.
576 2043 728 2100 Deficiente
744 2045 778 2100 ad
798 2059 864 2099 anu.
877 2045 958 2109 ilfi,
969 2045 1073 2118 dputtue
1124 2058 1150 2106 et
1166 2047 1301 2112 Canntus,
1316 2043 1407 2116 tuaqui
1426 2042 1565 2099 Suenonis
1576 2038 1682 2110 duplice
1693 2046 1723 2094 et
1738 2038 1832 2094 bunia·
1845 2036 1921 2108 regis

277 2137 376 2192 dueum
389 2145 504 2204 connata
521 2135 616 2206 stirpe,
631 2134 765 2206 fioqeritts
787 2137 974 2191 terramillam
994 2139 1073 2193 iura-
1124 2155 1157 2198 es
1170 2139 1232 2194 tiliis
1245 2146 1360 2208 nepotes
1374 2137 1505 2206 agitatum
1519 2134 1565 2189 ulio
1579 2139 1608 2188 ct
1622 2132 1756 2188 uiolenter
1772 2129 1919 2187 decorona

277 2234 364 2293 serat,
378 2223 482 2282 indicto
498 2225 569 2282 bello
583 2224 704 2281 {lottario
724 2223 756 2290 tt,
780 2225 903 2295 potttiftci
925 2238 1019 2283 contra
1034 2228 1075 2284 fa·
1124 2232 1329 2288 contentionem
1356 2227 1464 2299 imperii
1488 2225 1594 2295 iudicio
1625 2223 1830 2280 submitterent.
1865 2219 1920 2276 lies

280 2324 356 2372 etum
369 2314 559 2372 intercedenti.
578 2314 632 2370 Sed
657 2314 683 2368 in
709 2313 819 2370 feudum
835 2327 947 2383 accepta
963 2319 1075 2387 prouin-
1125 2325 1197 2380 iuter
1209 2323 1297 2393 prima
1311 2321 1387 2392 rcpni
1410 2319 1518 2389 nogotia
1540 2316 1707 2388 liersebttrqi
1724 2325 1854 2380 tractata,
1876 2313 1921 2370 ei·

277 2405 449 2474 cta,dacem
466 2404 587 2477 pontifex
610 2406 732 2476 agnouit.
748 2405 807 2461 dfox
832 2417 894 2464 orto
924 2407 1075 2465 scitismatc
1125 2413 1189 2467 tatis
1204 2425 1237 2465 ac
1252 2408 1434 2478 praesentibus
1455 2407 1510 2463 litis
1524 2407 1693 2462 rumoribus.
1710 2405 1835 2476 iiepnnm
1848 2403 1920 2460 Sue-

279 2500 353 2556 fnter
364 2497 552 2554 innocentiam
567 2505 595 2552 ct
606 2496 767 2552 bnacietuut
792 2497 975 2565 Petieonitun,
993 2499 1074 2570 itujus
1124 2504 1190 2558 nuni
1201 2501 1294 2556 deberi
1309 2499 1385 2554 curia
1397 2498 1515 2563 censuit,
1546 2497 1652 2553 cannoto
1680 2496 1834 2554 Scelandioe
1853 2511 1921 2566 pro·

280 2585 822 2660 partesantpiuxus{forneriusdnacleti
838 2602 961 2644 sororem
987 2589 1073 2654 ducit,
1124 2589 1243 2644 vinciam
1266 2603 1329 2642 cum
1356 2587 1506 2642 ditionibus
1540 2585 1678 2642 nonnuliis
1713 2586 1920 2656 exoptandam.
1994 2616 1995 2621 κ

281 2679 310 2734 frt
338 2671 430 2750 refiem
456 2676 559 2732 Sicilie
588 2686 734 2733 coronatus
759 2691 775 2731 a
801 2677 931 2748 pontifico
960 2692 1072 2749 genuero.
1123 2680 1213 2751 igitur
1227 2677 1320 2735 Suetto
1338 2678 1432 2734 statim
1444 2677 1598 2732 diademate
1619 2677 1737 2742 cinctos,
1753 2685 1782 2732 ot
1795 2678 1922 2747 prestito

282 2769 384 2826 Postea
398 2769 466 2824 diris
483 2768 598 2825 demun
609 2782 657 2838 per
668 2767 870 2834 innocentium,
886 2785 902 2824 a
918 2769 1074 2841 iiuinulpbo
1124 2771 1269 2830 friderico
1289 2771 1346 2842 regi
1364 2769 1503 2825 fidelitatis
1515 2779 1700 2835 sacrauueuto,
1712 2770 1748 2824 de
1769 2784 1846 2824 more
1856 2783 1922 2824 eoos

281 2859 440 2930 Campania
449 2859 551 2916 comite
568 2869 622 2915 tota
635 2860 733 2930 Apulia
758 2859 929 2934 profligator,
944 2861 1072 2920 ducatum
1124 2864 1217 2936 gladio
1234 2863 1393 2926 investitus,
1407 2860 1434 2916 itt
1448 2876 1548 2932 pompa
1564 2860 1679 2917 solemni
1694 2870 1856 2917 coronatum
1875 2877 1921 2916 re-

279 2952 435 3024 iiainoipbo
461 2952 588 3010 coneedit
609 2950 755 3008 botlmrlus
782 2953 939 3024 imperator.
967 2953 1073 3024 biortuo
1125 2971 1197 3028 qens,
1214 2954 1336 3027 gladium
1350 2951 1467 3008 [turnino
1494 2950 1643 3023 proferens
1657 2950 1793 3018 insultus,
1807 2952 1842 3007 ad
1869 2965 1920 3008 ec·

279 3045 409 3104 iiainoifo
433 3045 567 3116 lioperiue
593 3045 758 3110 revertitur,
775 3055 803 3102 ct
819 3058 979 3118 recuperata
996 3047 1071 3104 brcri
1124 3051 1235 3108 eostam
1252 3045 1404 3120 piccesstt.

281 3139 414 3197 uniuersa
430 3136 584 3209 prouincia,
599 3135 754 3207 pontificem
780 3135 869 3208 ipsum
886 3137 1109 3233 innocentiumc
1163 3143 1348 3209 uladislaum,
1375 3142 1478 3201 dictum
1497 3141 1560 3199 aliis
1588 3140 1754 3206 boleslaum,
1782 3138 1921 3196 Boiueutiac

279 3235 432 3293 lienemnti
448 3231 605 3304 captnmad
620 3231 812 3304 imponendam
836 3233 888 3289 sibi
902 3248 1076 3291 coronatnet
1126 3236 1346 3300 ducem,eoutra
1372 3232 1491 3291 Poionos
1515 3236 1544 3290 ia
1573 3234 1646 3305 regis
1674 3232 1922 3303 exercitategreqie

278 3326 429 3384 ineundam
444 3340 478 3381 ex
492 3322 635 3378 uoluntate
649 3324 858 3379 contuentionem
873 3322 986 3379 inntuun
1000 3339 1076 3380 cout-
1126 3328 1321 3400 promeritum,
1350 3328 1425 3398 regia
1452 3328 1586 3398 dignitas
1607 3326 1721 3381 tlonauit
1750 3327 1920 3395 inruperator,

277 3412 495 3489 militiamque
506 3412 540 3468 ad
553 3410 659 3481 maiora
675 3426 843 3484 consurgent
861 3424 889 3469 et
902 3413 1007 3469 ttatiam
1016 3430 1075 3471 me·
1125 3420 1252 3477 ernaudem
1266 3419 1350 3475 etiarn
1367 3420 1394 3473 tu
1414 3418 1528 3489 Ligures
1552 3419 1652 3487 insigni
1684 3418 1783 3473 robore
1812 3416 1922 3471 adiano·

279 3507 384 3571 ditans,
398 3501 616 3559 iuteraltissbna
628 3502 783 3557 studiorum
799 3505 937 3575 proposita
954 3506 1076 3562 secundo
1126 3528 1198 3570 ratu.
1213 3511 1390 3567 Postmodum
1414 3513 1450 3565 ob
1469 3510 1595 3580 neglecta
1618 3508 1752 3564 friderici
1775 3508 1854 3577 jussa
1877 3506 1921 3561 dr.

281 3595 417 3653 Friderioi
431 3592 506 3665 regis
520 3608 591 3648 artno
607 3594 803 3661 exstinguitur.
830 3594 878 3651 iiic
891 3597 962 3650 idern
974 3605 1014 3651 cst
1032 3595 1076 3653 ilie
1126 3604 1231 3673 quitata
1246 3605 1343 3657 iterum
1362 3604 1502 3680 priuatus,
1531 3602 1647 3672 quaesita
1672 3600 1781 3656 virtutis
1808 3598 1919 3665 mania

281 3688 430 3761 bogerium.
444 3688 522 3757 cujus
537 3686 564 3741 in
584 3684 850 3755 Corrstautiuopuiiut
872 3688 1012 3759 egregium
1034 3688 1077 3745 fa·
1127 3698 1155 3752 in
1168 3697 1289 3752 traenedes
1303 3710 1356 3750 non
1371 3696 1532 3751 transumit.

281 3782 361 3837 eiuns
372 3779 496 3853 biqurini
508 3791 588 3851 pocta
604 3781 736 3837 celebrat.
753 3780 817 3835 fundo
832 3790 972 3837 reuertens
988 3780 1077 3841 Ludo·
1162 3786 1232 3843 Com
1243 3785 1346 3859 daniaa
1360 3795 1389 3841 ct
1402 3784 1498 3842 Gallias
1519 3784 1628 3855 regibus
1641 3794 1672 3842 ut
1686 3782 1836 3854 plurimum
1848 3783 1919 3839 culta

279 3874 370 3930 uicum
386 3872 510 3931 franciae
530 3888 620 3943 renem
632 3888 648 3927 e
662 3871 809 3929 Potentius
824 3872 951 3929 reducent
964 3872 1075 3932 Graeco-
1126 3880 1258 3946 amicitia,
1273 3894 1326 3936 nec
1343 3887 1435 3933 tamen
1460 3878 1512 3933 fidu
1536 3892 1599 3933 cum
1611 3877 1701 3933 Gallo.
1729 3876 1871 3947 siqnidem
1884 3890 1917 3929 ox

279 3980 342 4023 rum
357 3964 466 4023 insidiis
478 3964 589 4035 eripuit,
602 3964 636 4019 ab
650 3962 791 4021 celestino
805 3966 873 4021 satis
886 3964 1004 4021 artibcio
1019 3967 1076 4023 dia·
1127 3978 1236 4038 recepta
1255 3970 1344 4037 primo
1364 3966 1534 4038 durgundia,
1565 3978 1621 4023 tom
1650 3982 1763 4038 quoque
1784 3966 1920 4037 pontificis

280 4058 391 4115 demate
406 4057 689 4115 tertiumeoronatus.
704 4056 803 4113 linbuit
822 4058 998 4128 lioperinscx
1016 4068 1077 4115 toro
1126 4060 1275 4115 Alexandri
1302 4060 1411 4129 studiis,
1438 4068 1538 4115 nuutuac
1567 4059 1756 4131 suspiciones,
1784 4060 1918 4115 interdum

280 4151 451 4222 prituoettm
477 4148 584 4205 loanna
610 4149 725 4220 duplica
757 4149 842 4204 fufium
870 4150 1033 4205 Guileintutn
1054 4148 1076 4215 i,
1127 4152 1332 4223 leresinjorice.
1355 4152 1472 4207 bernuin
1493 4160 1522 4208 et
1550 4151 1654 4208 ultitnis
1679 4151 1817 4207 Frideriei
1842 4153 1918 4205 aronis

279 4242 569 4315 putrisuoceutcntcm,
588 4255 624 4295 ex
654 4242 738 4297 tertio
768 4240 850 4295 sutiam
872 4240 1075 4309 Cortstantiuun,
1127 4244 1211 4297 brere
1235 4242 1337 4299 bollum
1355 4256 1389 4299 ao
1409 4243 1615 4299 tumutitnarinm
1642 4252 1756 4314 propter
1788 4244 1918 4298 flandriae

281 4334 401 4393 licurieo
417 4334 487 4403 reni,
503 4332 639 4389 friderici
655 4335 723 4403 imp.
735 4334 918 4403 primogenito
931 4341 992 4403 post
1009 4332 1078 4389 Ger·
1127 4332 1267 4389 coutritem.
1283 4332 1340 4389 lieo
1353 4344 1445 4390 tanuen
1458 4349 1580 4405 prnsens
1602 4335 1761 4404 imperator,
1777 4336 1824 4405 qui
1839 4350 1918 4404 expe·

285 4442 431 4483 manorum
444 4426 603 4496 imperatori
620 4424 689 4481 ttso
702 4433 825 4495 nuptam,
834 4424 879 4491 qui
895 4422 1031 4478 Guilelmo
1042 4424 1076 4489 il,
1129 4423 1261 4481 ditionem
1275 4424 1427 4496 dcioqarat.
1443 4423 1599 4491 Postremo,
1610 4425 1705 4482 Galliae
1724 4416 1788 4496 'rege
1801 4428 1916 4496 impera·

283 4517 434 4575 Guiieiutif
453 4518 522 4582 filio,
539 4516 610 4571 fibi
634 4515 737 4583 absquo
750 4514 845 4567 liberis
859 4513 1015 4581 decedente,
1032 4514 1077 4569 Si·
1091 4530 1114 4585 p
1130 4515 1198 4571 totis
1211 4516 1344 4571 :insitiuum
1358 4526 1454 4571 contra
1471 4515 1589 4585 duuglunn
1614 4516 1791 4585 inplorante,
1805 4530 1915 4586 pereus-

283 4608 355 4665 ottia
369 4623 483 4679 regnunt
499 4607 613 4675 adeptus
635 4614 687 4659 est.
713 4602 806 4673 itaque
821 4602 927 4674 imperii
943 4613 971 4659 ct
983 4605 1076 4676 dungo·
1128 4620 1189 4663 snm
1202 4606 1304 4673 foedns,
1320 4622 1375 4677 quo
1390 4606 1465 4663 facto
1480 4616 1509 4662 et
1520 4606 1624 4678 duplus
1639 4608 1726 4663 armis
1738 4609 1880 4665 abstinuit.

283 4712 391 4757 stonum
414 4698 611 4755 Stauffcnsium
630 4712 662 4752 ex
686 4706 764 4765 patre
795 4707 932 4767 perpetum
953 4697 1074 4769 iujuriae,
1164 4698 1231 4755 Cum
1244 4699 1305 4753 arula
1321 4698 1483 4770 byzantina,
1499 4698 1588 4755 donoc
1606 4698 1705 4755 Eirene
1723 4710 1873 4770 superstes,
1886 4699 1913 4753 iu

283 4792 505 4865 splendidissimo
520 4790 626 4845 taudem
641 4788 747 4859 piaculo
759 4790 931 4859 quieverunt.
1126 4790 1247 4859 speciem
1275 4787 1371 4844 saltem
1388 4790 1547 4856 concordia,
1575 4789 1773 4846 beneuolentiae
1794 4793 1914 4847 deelara-

320 4886 445 4943 becretae
461 4885 488 4940 iu
504 4884 624 4939 Potonos
637 4882 821 4953 expeditionis
832 4898 914 4938 causa
931 4894 1010 4941 uetus
1025 4899 1075 4941 ex·
1126 4884 1227 4948 tiones,
1243 4882 1382 4952 proposita
1397 4881 1512 4937 todeca.
1523 4880 1585 4937 linx
1601 4893 1705 4950 autent,
1715 4885 1834 4953 repertis
1844 4884 1914 4940 cun·

283 4978 401 5035 stiterat.
418 4976 504 5031 Facta
519 4990 568 5045 per
582 4973 734 5031 boleslaum
766 4970 811 5040 ttt,
836 4972 956 5029 Poioniae
975 4976 1073 5031 ducem
1125 4988 1220 5029 corum
1237 4971 1319 5039 dolis,
1336 4974 1362 5027 in
1377 4971 1482 5043 legatos
1508 4969 1627 5040 injuria,
1646 4972 1735 5028 fastus
1748 4984 1777 5029 ct
1791 4972 1912 5029 sitnunita·

284 5082 358 5124 auno
386 5066 457 5122 itti
479 5076 630 5129 mortuum,
657 5065 729 5119 intcr
754 5064 825 5120 lilios
851 5065 994 5131 diuisione,
1008 5076 1073 5121 nutu
1127 5072 1179 5121 tes.
1195 5063 1317 5121 Tandem
1330 5068 1461 5121 etodium
1478 5066 1664 5136 implacabile,
1689 5082 1722 5123 cx
1737 5082 1794 5137 quo
1809 5068 1911 5141 braan-

285 5160 422 5215 rnaxiuuts
438 5158 603 5223 btudtntans,
620 5157 727 5212 Silesiae
738 5166 767 5211 et
779 5156 919 5213 Cracouim
933 5170 1009 5213 sorte
1019 5173 1073 5212 non
1126 5157 1175 5211 tini
1189 5171 1252 5213 eom
1267 5158 1425 5214 Alexandro
1440 5158 1569 5229 pontifice
1584 5158 1611 5213 iu
1634 5160 1780 5231 imperinm
1794 5176 1912 5219 contrun-

284 5261 444 5316 conteutos,
465 5252 583 5321 primunt
595 5248 738 5319 conqueri,
754 5264 815 5303 mox
843 5248 914 5303 bello
929 5248 1074 5303 manifesto
1125 5235 1215 5309 nieata
1227 5250 1343 5306 consilia
1354 5250 1552 5305 rosciebantur.

283 5343 393 5415 privare
407 5343 516 5397 fratres.
536 5339 584 5395 liis
609 5351 700 5393 auteur
718 5336 835 5393 inuicem
848 5336 1074 5405 conspirantibus
1160 5346 1297 5402 centenum
1311 5344 1374 5399 anta
1390 5343 1696 5414 iqnpemqqriqqmqiqm
1707 5347 1756 5401 mi
1773 5347 1849 5416 10ng
1857 5362 1913 5401 ma.

284 5438 441 5507 repqqttnn·
462 5434 555 5508 praetio
589 5434 678 5489 nictus
717 5429 882 5500 fugatusque
912 5430 945 5483 ud
980 5440 1073 5497 repent
1124 5434 1371 5509 qoiiieentissima;
1398 5434 1553 5505 principum
1580 5434 1759 5491 salutantium
1787 5448 1910 5509 perpetua

285 5530 461 5587 Cbunrndnrn
480 5526 653 5599 perfugiens,
670 5526 696 5580 in
712 5523 813 5578 fratres
840 5535 919 5591 opem
932 5520 1073 5589 sollicitat,
1124 5529 1284 5597 multitudo,
1301 5528 1377 5584 curin
1391 5527 1498 5598 priuata
1518 5527 1670 5584 solemnem
1693 5531 1813 5597 speciem
1826 5528 1912 5583 coarti-

285 5631 379 5677 contua
395 5620 504 5691 iniuste
520 5633 609 5675 causae
624 5614 821 5673 conscientiam
845 5612 1008 5683 ‘minatione
1019 5613 1074 5668 ire·
1124 5634 1180 5675 noo
1195 5618 1328 5684 referens,
1342 5618 1511 5689 legationum
1523 5617 1645 5688 undique
1656 5616 1820 5676 abluentium
1834 5623 1911 5675 iucx·

286 5724 341 5780 tus,
353 5724 415 5771 erat
429 5714 504 5769 enim
521 5710 740 5767 axoerunradi
766 5708 838 5779 rogis
865 5710 983 5765 uterina.
998 5708 1072 5765 liissi
1124 5710 1223 5765 bansta
1255 5708 1429 5780 frequentia,
1452 5708 1525 5763 dum
1549 5698 1715 5775 iuuunmera,
1731 5720 1761 5767 et
1782 5713 1863 5782 prctio
1878 5722 1911 5767 ct

285 5804 518 5875 peernnradunu
531 5802 611 5874 lopati
628 5816 789 5873 responsum
804 5801 960 5874 antiquum
974 5802 1072 5871 tulere,
1124 5812 1184 5862 arte
1199 5802 1309 5861 insolita
1326 5818 1360 5860 ae
1374 5803 1433 5859 vino
1445 5801 1539 5876 digua.
1550 5803 1655 5862 bledinx
1668 5805 1741 5862 inter
1759 5806 1911 5865 Friderieus

1995 2694 1997 2803 t

1996 2922 1998 3071 l
