4000 6350
254 359 310 420 rut
809 339 814 350 '
840 352 1019 414 curruum
1037 351 1300 414 arsrnnctnusrs
1832 357 1892 416 ,η

255 475 470 546 circumquaque
483 471 640 544 provincius
655 469 690 524 ad
710 469 781 526 hanc
796 468 899 526 Clrristl
917 470 1042 526 militiam
1057 474 1080 533 Α
1095 477 1148 535 tas,
1163 470 1217 524 imo
1229 475 1311 523 totam
1331 477 1517 541 mensusque
1524 466 1894 542 dmstastinnpaiiszeeure

256 566 411 622 celebribus
424 561 663 634 predicationibus
674 561 807 630 excituri3
820 561 848 616 in
863 563 987 632 pertibus
998 575 1044 615 uu-

256 661 309 710 tem
324 656 377 709 iilis
394 653 485 708 nulius
500 651 590 708 udhuc
604 651 726 722 ejusdem
741 651 780 708 'rei
803 651 904 709 lecerat
925 651 1045 707 mentin-

255 759 329 801 rrnn.
352 741 430 799 Unde
451 749 479 798 ei
500 757 595 798 eorum
614 739 817 814 quamplurimi,
846 743 933 814 puruti
953 743 1047 796 enimn

255 833 358 890 Christi
369 834 469 890 cestris
485 849 514 890 se
525 834 644 900 trudere,
657 833 815 903 hujusmodi
826 833 1045 889 exhortationem

255 923 321 980 totis
336 923 482 980 desideriis
494 924 701 994 exspectabunt.
719 921 835 978 Stabant
853 924 936 994 igitur
950 930 1047 980 onrue's

256 1015 369 1070 auribus
384 1016 511 1080 arrectis,
528 1016 589 1072 liris
609 1015 636 1070 in
653 1015 742 1086 ipsum
758 1014 909 1082 obtutibus,
925 1015 990 1086 quid
1012 1014 1047 1071 de

257 1109 308 1161 lruc
327 1121 357 1162 re
372 1097 418 1161 'rel
433 1106 605 1177 praeciperet,
620 1097 815 1172 uei'moueret,
827 1105 926 1176 quidue
940 1106 1048 1161 obtem·

255 1198 361 1269 perunti
377 1195 411 1252 de
428 1198 519 1253 divina
540 1197 663 1253 bonitate
674 1195 855 1267 promitteret,
869 1197 1048 1268 stupidissime

257 1289 461 1364 prestolantes.
539 1313 540 1316 ¹
726 1361 727 1364 Ἴ

291 1383 318 1437 5.
344 1379 456 1435 Verium
476 1379 539 1434 milri
550 1379 584 1433 od
594 1396 649 1444 uos,
665 1377 765 1434 domini
777 1381 827 1434 mei
837 1389 861 1436 el
872 1380 969 1451 [ratres
984 1397 1046 1446 mer,

257 1475 360 1533 uerbum
373 1473 437 1528 milti
449 1472 483 1526 ad
494 1488 555 1537 uos:
578 1490 630 1527 non
652 1469 739 1528 meunt
758 1475 857 1544 utique,
880 1473 924 1529 sed
936 1473 1046 1527 Gltristi.

257 1565 378 1626 Cirislus
394 1566 447 1634 ipse
458 1564 596 1619 uerborum
607 1572 700 1619 auctor
716 1573 772 1629 est,·
785 1579 830 1635 epo
839 1565 935 1635 [ropile
948 1555 1048 1618 instru-

257 1663 383 1709 mentum.
396 1651 517 1710 Christus
537 1669 581 1708 uos
605 1651 681 1708 lrodie
695 1669 740 1722 per
758 1669 786 1707 os
802 1669 887 1708 meum
905 1655 960 1708 suis
980 1653 1048 1707 allo-

1094 569 1121 616 et
1135 558 1232 631 nisque
1246 559 1302 614 ulio
1315 566 1387 614 mele
1406 561 1484 614 annis
1503 557 1682 631 quadruplum
1699 564 1891 630 possederunt.

1096 652 1163 718 Quo
1174 660 1262 706 tonun
1275 649 1670 721 omnio,mtente1tontso,per
1681 652 1894 708 eumdemeuer·

1094 743 1176 796 eitum
1190 741 1342 796 breuissima
1357 748 1481 809 mnspore,
1496 739 1566 795 uelut
1578 741 1607 795 in
1615 749 1773 797 transcursu
1781 753 1894 813 receptu

1095 839 1167 886 sunt.
1193 830 1295 896 Nicea,
1313 829 1446 897 iconium,
1469 831 1621 899 Antiocltio,
1639 832 1766 902 Tripolis,
1784 843 1813 888 et
1825 836 1894 889 alioe

1095 922 1212 977 ciuitates
1226 932 1382 993 apuqnmse
1392 931 1465 978 sunt.
1486 921 1551 993 ipsa
1575 925 1657 978 etiam
1670 923 1745 979 tedes
1755 925 1832 995 repni
1842 923 1893 980 Ja-

1095 1013 1212 1067 rusoiem
1235 1014 1330 1083 populo
1349 1023 1439 1068 nostro
1453 1016 1586 1070 restituta.
1615 1013 1696 1069 Nunc
1711 1026 1813 1080 onum,
1827 1015 1893 1070 iicet

1096 1105 1178 1172 impio
1187 1121 1249 1174 pens
1260 1107 1421 1175 precipuum
1431 1105 1508 1159 iliam
1517 1106 1639 1160 sedentes
1648 1108 1799 1164 mauintant
1810 1115 1893 1164 terre

1095 1204 1198 1265 portent
1227 1194 1352 1250 uiolenter
1363 1194 1489 1260 oltmeot,
1513 1204 1605 1250 nostro
1620 1205 1707 1250 tomen
1724 1205 1764 1251 est
1779 1195 1889 1260 nemo.

1096 1295 1189 1341 nostra
1202 1294 1241 1339 est
1255 1286 1405 1350 Antiochia,
1420 1294 1520 1340 nostroe
1532 1293 1594 1339 sunt
1605 1295 1631 1340 et
1640 1284 1727 1340 edituo
1737 1285 1893 1356 attonue-

1097 1378 1159 1433 dam
1170 1377 1246 1432 urbes
1264 1378 1372 1432 munitor
1384 1386 1409 1432 et
1423 1376 1528 1441 ualidus,
1540 1388 1654 1446 quorum
1666 1378 1807 1447 presidio,
1820 1379 1893 1436 dici·

1098 1487 1132 1525 no
1147 1470 1246 1541 farore,
1260 1477 1285 1524 et
1299 1468 1398 1524 uiribus
1413 1469 1523 1533 nostris,
1538 1468 1633 1539 incluti
1642 1467 1796 1534 bellatores,
1806 1472 1893 1525 etiarn

1097 1561 1228 1633 preclara
1246 1560 1320 1616 sedes
1335 1559 1383 1614 illa
1396 1576 1455 1613 cum
1474 1559 1594 1614 omnious
1615 1559 1678 1615 uiiis
1697 1559 1747 1614 suu
1766 1571 1893 1616 nostem

1097 1655 1194 1724 poterit
1214 1650 1298 1723 redipi
1319 1659 1485 1721 potestatem.
1501 1649 1533 1706 Si
1547 1661 1636 1706 autent
1656 1652 1777 1722 putemus
1791 1652 1891 1722 psius

254 1746 345 1816 quitur
358 1745 453 1808 uerbis,
468 1761 530 1800 suas
544 1744 615 1800 uoltis
630 1744 749 1814 deploret
762 1731 886 1815 iniurias.
913 1743 1046 1814 Expulsus
1099 1745 1154 1800 ileo
1169 1745 1234 1800 certi
1242 1742 1365 1812 stipendii
1377 1757 1426 1811 pro
1441 1750 1515 1797 tarrto
1532 1742 1622 1796 iaiore
1635 1757 1742 1812 sperare
1757 1742 1890 1811 deheim,

255 1845 295 1891 est
307 1835 428 1891 Citristus
439 1835 471 1890 de
483 1837 541 1892 loco
555 1845 647 1892 sancto
663 1853 722 1902 suo,
737 1835 769 1890 de
780 1835 839 1891 sede
848 1853 909 1901 sua,
922 1825 1047 1906 'dejectus
1062 1815 1084 1872 Β
1098 1839 1244 1893 certissime
1253 1835 1325 1890 nolis
1340 1834 1467 1904 polliceor
1480 1835 1543 1904 puio
1553 1833 1671 1905 quisquis
1685 1835 1790 1904 sipnum
1801 1839 1891 1892 crucis

257 1940 297 1986 eet
315 1931 347 1986 de
366 1931 414 1988 ilio
427 1935 533 1988 ciuitate
557 1949 636 2005 quam
659 1933 713 2002 ipsc
732 1932 783 1989 sibl
797 1933 903 2002 proprio
921 1933 1048 2006 sanquine
1099 1926 1237 1997 acceperit,
1250 1934 1277 1982 et
1299 1941 1395 1995 purum
1421 1924 1511 1994 [merit
1534 1924 1734 1994 confessionem,
1761 1927 1797 1982 ob
1816 1931 1891 1983 omui

257 2023 397 2079 dedicauit.
418 2021 491 2078 Prolt
505 2023 600 2078 dolor!
619 2023 664 2078 ubi
678 2019 777 2076 dudunt
790 2021 876 2078 Filius
896 2022 946 2078 Dei
957 2033 1048 2078 uetitu-
1097 2033 1204 2087 pruritu
1222 2015 1395 2070 ”imam
1417 2023 1533 2085 Willis
1547 2026 1573 2068 et
1589 2031 1742 2088 ‘Wlfflin
1761 2017 1831 2085 ‘0⁶⁰2
1850 2021 1891 2075 eet

257 2129 304 2168 rus
321 2115 348 2168 in
368 2131 446 2170 corne
463 2131 480 2170 a
498 2116 599 2170 sanctis
614 2112 744 2185 propioris
768 2097 914 2184 promissus
927 2123 976 2178 est,
1002 2113 1048 2168 ndi
1099 2117 1222 2176 tempore,
1240 2124 1286 2162 seu
1299 2123 1364 2161 casu
1374 2115 1528 2175 presentem
1546 2106 1683 2178 reliquerit
1696 2110 1789 2174 eitam,
1810 2120 1890 2166 teler-⁴

255 2201 313 2272 jam
338 2211 416 2258 natus
442 2213 467 2260 et
493 2204 618 2274 paruulus
633 2206 660 2258 in
675 2205 772 2272 terrtplo
786 2204 866 2258 ualuit
880 2205 1046 2273 presentari,
1097 2215 1160 2253 nont
1174 2199 1294 2270 accipiet.
1313 2199 1396 2253 Taceo
1420 2213 1489 2252 nunc
1503 2197 1573 2266 quod
1593 2204 1665 2252 terra
1680 2197 1729 2254 itta
1751 2215 1889 2270 mespe-

257 2293 303 2348 ulti
329 2309 442 2364 presens
461 2295 613 2365 predicavit
634 2305 659 2351 et
677 2294 776 2359 docuit,
802 2297 910 2350 uirtutes
931 2305 956 2350 et
970 2297 1048 2366 sione
1098 2291 1168 2352 tetis,
1181 2287 1316 2361 [0119θᾶαο
1328 2299 1401 2343 iem
1415 2287 1563 2358 iimimiir
1576 2298 1616 2344 “i
1636 2298 1713 2360 “illu
1733 2291 1887 2358 [80111δὶπὶ

259 2381 405 2453 frequenter
419 2383 545 2449 exiliuit,
563 2401 666 2440 cenans
686 2401 745 2438 curn
763 2383 900 2453 discipulis
917 2386 972 2438 suis
983 2401 1048 2438 sun-
1096 2389 1121 2435 et
1136 2380 1215 2450 focile
1231 2381 1290 2450 lieri
1302 2389 1388 2449 potest
1402 2388 1431 2434 ut
1444 2379 1523 2433 ntulti
1534 2380 1616 2434 etism
1628 2395 1662 2434 eu
1679 2379 1753 2436 uoltis
1766 2381 1797 2436 its
1810 2381 1887 2437 celtus

257 2473 371 2528 ctissimi
385 2460 503 2544 corporis
518 2486 543 2529 et
560 2475 698 2546 sunpuinis
709 2476 1047 2539 instituitsucrornenturn‚·
1096 2472 1177 2526 etiam
1191 2471 1380 2540 temporalibus
1392 2471 1585 2542 prosperiorem
1604 2469 1643 2524 idi
1660 2471 1798 2541 fortunent
1816 2473 1888 2526 inee-

258 2579 363 2634 passus,
378 2575 403 2618 et
414 2573 545 2630 mortuus,
566 2582 598 2619 oo
610 2566 727 2635 sepultus
748 2575 807 2635 post
823 2565 941 2620 triduum
962 2583 1050 2621 resur·
1097 2562 1173 2618 nium
1185 2579 1264 2633 quum
1276 2562 1318 2616 liic
1332 2578 1361 2617 se
1373 2571 1492 2632 rupertus
1501 2558 1685 2620 meminerunt.
1698 2561 1780 2619 iissre
1792 2561 1886 2628 aune,

259 2656 337 2721 rexit,
348 2657 514 2712 cernentibus
524 2655 640 2726 ejusdem
654 2651 791 2726 discipulis
803 2655 830 2709 in
843 2657 935 2710 celum
947 2672 1049 2711 arsum·
1097 2653 1205 2724 fratres,
1216 2663 1316 2726 ouante
1331 2655 1365 2708 sit
1379 2654 1407 2708 in
1422 2653 1472 2708 isac
1484 2654 1692 2725 pereprsnatr'one
1702 2655 1845 2721 mormius,
1858 2655 1887 2710 ist

258 2756 319 2816 ptus
332 2754 383 2813 est,
397 2755 423 2801 et
439 2746 540 2802 decium
554 2745 596 2802 die
617 2745 744 2816 Spiritum
762 2757 882 2802 sanctum
904 2748 932 2802 in
950 2747 1047 2818 linquis
1096 2761 1150 2816 pua
1171 2754 1196 2800 et
1213 2747 1245 2799 de
1262 2745 1477 2816 repnactelorum
1490 2745 1631 2816 promissio
1645 2755 1716 2800 cestu
1735 2753 1788 2813 est,
1810 2755 1836 2801 et
1854 2745 1887 2801 ds

258 2837 341 2908 lpneis
355 2853 433 2908 super
449 2855 494 2894 eos
510 2837 614 2908 effudit,
630 2837 667 2893 iii
681 2855 749 2894 nunc
768 2839 887 2909 profanu
902 2842 985 2911 pentir
998 2840 1047 2896 do·
1098 2837 1238 2907 temporali
1253 2837 1427 2906 prosperitate
1444 2853 1501 2906 spes
1517 2837 1640 2906 amplior.
1656 2835 1713 2908 Epo
1737 2839 1795 2908 ipse
1807 2853 1887 2908 spon·

259 2929 377 2982 minatur
391 2926 536 2984 iarlaries.
553 2925 713 2985 Omiserio!
726 2945 741 2983 o
755 2931 885 3001 punitus!
901 2949 915 2986 o
929 2940 1047 2987 extremo
1096 2929 1145 2984 deo
1155 2931 1254 2985 socium
1266 2929 1369 2982 itineris
1383 2937 1408 2982 et
1419 2927 1537 2992 lodoris5
1559 2938 1595 2995 et,
1617 2939 1697 2999 ponus
1715 2927 1771 2983 lieo
1779 2929 1887 2998 placue-

258 3018 419 3074 eoiomitas!
438 3017 520 3072 Terre
535 3029 638 3086 cuncta,
653 3036 732 3091 quam
747 3018 867 3076 Christus
884 3022 939 3077 suis
956 3022 1046 3078 calca·
1097 3021 1151 3085 rit,
1171 3034 1295 3088 prospera
1317 3018 1450 3073 uobiscum
1469 3027 1495 3073 et
1513 3018 1625 3074 aduerso
1642 3019 1741 3088 partiri
1755 3017 1885 3074 desidero.

258 3109 430 3183 rittestipiis‚
443 3110 472 3165 in
487 3127 539 3184 quo
553 3111 672 3181 infirmos
684 3115 795 3179 curauit,
812 3130 893 3169 cacos
908 3115 1046 3170 illumino·
1059 3095 1276 3207 ciluncipitur,
1287 3109 1395 3181 iratres,
1404 3110 1472 3165 letis
1484 3108 1887 3191 mentiiustriunrplroiesipnnss

258 3202 306 3266 cit,
332 3203 447 3271 leprosos
474 3200 620 3267 mundarit,
646 3210 762 3257 mortuos
786 3203 940 3269 suscituuit;
964 3214 1046 3271 terra,
1099 3201 1320 3273 crucisoccipite,
1334 3209 1397 3255 utet
1412 3217 1520 3255 causum
1541 3198 1672 3271 Crucifiui
1686 3199 1887 3271 fidelitereuse-

259 3292 379 3364 inquam,
404 3292 453 3348 iliu
472 3294 500 3347 ln
513 3308 594 3347 manu
613 3292 752 3361 impiorum
763 3294 828 3350 data
842 3305 892 3353 est.
910 3296 1047 3354 Srtduersre
1066 3309 1070 3315 ’
1096 3302 1213 3364 φυκία,
1229 3309 1277 3363 pro
1293 3292 1382 3349 labore
1396 3293 1465 3348 lteri
1479 3308 1503 3348 et
1519 3292 1622 3348 ntodico
1637 3310 1734 3365 rnnpno
1747 3302 1773 3349 et
1787 3303 1887 3350 retem

259 3393 322 3439 sunt
335 3385 461 3449 ecclesie,
476 3384 606 3454 pollutum
620 3386 814 3454 sanctuarium,
839 3390 913 3459 repsi
935 3388 1008 3445 sedes
1021 3400 1048 3445 et
1096 3386 1226 3455 percipere
1237 3385 1348 3441 comatis
1361 3385 1502 3455 stipendio.

259 3474 375 3545 dionisus
389 3474 523 3530 translatu
535 3485 575 3531 est
591 3474 625 3530 od
638 3462 747 3548 pentes„
760 3470 964 3534 sacrosanctum
979 3478 1047 3535 iilud
1132 3474 1196 3533 liaec
1210 3477 1338 3547 loquente
1359 3476 1508 3533 venerabili
1527 3478 1596 3546 viru,
1629 3477 1738 3535 cunctis
1762 3477 1812 3549 qui
1835 3478 1886 3533 ud-

260 3574 285 3620 et
313 3564 458 3621 uenerabile
486 3568 572 3621 crucis
587 3565 697 3638 liquem,
717 3568 786 3639 quod
801 3568 901 3624 ‹Jortsrt
920 3571 1047 3642 sanpuiue
1096 3574 1175 3623 erunt
1191 3568 1365 3624 uehementer
1377 3567 1490 3633 attritis,
1499 3567 1608 3625 rideres
1618 3568 1754 3641 lacrymas
1767 3576 1824 3624 tum
1837 3586 1887 3639 per

258 3654 395 3723 perfusum
417 3663 467 3721 est,
485 3656 517 3710 ol
533 3656 575 3713 iris
593 3658 686 3729 quidus
707 3659 811 3716 uerbum
828 3660 913 3716 crucis
932 3661 1048 3718 stultitia
1096 3658 1157 3730 ejus
1173 3658 1270 3714 iuciem
1284 3674 1367 3730 quum
1391 3673 1501 3730 perora
1515 3660 1639 3715 omniurn
1662 3660 1819 3731 largissime
1839 3662 1887 3717 dc·
1995 3731 1996 3744 χ

258 3756 309 3811 est,
323 3746 362 3800 ita
376 3761 541 3816 suppressum
560 3750 718 3817 occultatur,
746 3758 773 3805 ut
789 3768 863 3807 neum
878 3741 1048 3811 discissiones
1095 3747 1232 3815 flue¹i¹083
1249 3749 1359 3805 aldim
1373 3750 1489 3820 lemnus
1503 3756 1530 3805 ἃ
1543 3750 1681 3821 ‘inimum
1695 3757 1779 3822 '‘du“
1794 3752 1887 3823 mli·

258 3838 322 3909 onte
337 3838 369 3893 tle
386 3838 434 3895 illo
455 3842 592 3905 actumsit
613 3842 653 3897 uel
671 3842 739 3898 unde
754 3844 851 3915 requiri
863 3844 963 3913 deleat,
978 3848 1047 3903 scire
1095 3838 1148 3905 rii·
1163 3846 1191 3895 θῑ
1200 3838 1254 3895 ³11³
1272 3838 1429 3910 huiusmffll
1446 3840 1535 3911 signu,
1547 3856 1608 3912 11¹¹ae
1623 3840 1737 3897 filim
1752 3856 1886 3913 fflffliflss·

258 3929 354 3997 paseit.
366 3927 434 4004 Germ
448 3941 540 3987 rrostro
553 3949 612 4003 pute
623 3934 688 4005 fines
703 3934 763 3989 illos
777 3934 896 3991 lraiitore
909 3953 1048 3993 consuere·
1096 3934 1197 3989 ctiunis
1221 3931 1359 3989 iaciebant
1382 3932 1525 3989 indicium.
1550 3931 1630 3989 ilunc
1654 3934 1748 4004 itaque
1778 3934 1886 4004 prelati

259 4027 313 4085 rot,
329 4028 385 4075 toto
403 4021 457 4087 iere
471 4021 664 4096 itostili'ploriio
679 4023 718 4080 rel
735 4025 813 4096 lonpa
825 4026 883 4096 jam
896 4029 1048 4098 coptioitote
1096 4026 1204 4083 abbatis
1220 4040 1374 4082 sermonem
1389 4024 1494 4080 idcirco
1520 4025 1664 4097 diligenter
1679 4026 1821 4097 prosecuti
1842 4042 1886 4084 su-

259 4120 414 4183 consumpta
427 4122 475 4169 est.
488 4114 573 4169 Pauci
588 4117 633 4187 qui
647 4115 678 4171 de
689 4116 764 4172 clade
777 4116 826 4172 illa
848 4118 956 4174 euadere
969 4132 1048 4189 potu·
1096 4134 1169 4186 mus,
1185 4120 1260 4191 quis,
1276 4133 1340 4174 cum
1361 4118 1420 4189 ipse
1440 4124 1536 4190 postea
1560 4118 1718 4189 frequenter
1732 4126 1760 4174 et
1770 4118 1840 4176 illos
1857 4126 1885 4175 ot

261 4210 346 4266 erunt,
360 4203 430 4271 open
441 4203 573 4259 deltonem
586 4206 624 4261 uei
638 4207 665 4263 in
676 4207 737 4261 aliis
750 4207 997 4266 tutioribuslocisse
1007 4227 1048 4266 re·
1096 4213 1166 4268 aiios
1182 4212 1298 4269 uiriliter
1313 4212 1475 4273 exhortatus
1496 4212 1543 4277 sil,
1559 4210 1594 4267 de
1617 4200 1693 4266 nulls
1708 4210 1769 4280 elus
1783 4211 1885 4266 exhor-

259 4297 373 4357 eepmm,
389 4292 474 4361 ilique
486 4292 590 4349 crelros
605 4294 900 4367 adoriarispotiuntur
914 4300 1045 4359 incursus.
1096 4300 1201 4357 tellone
1215 4300 1363 4372 quidquam
1386 4315 1482 4357 sumus
1499 4300 1611 4367 dicturi,
1636 4307 1668 4356 ut
1689 4314 1724 4355 cx
1745 4300 1799 4355 hee
1823 4300 1884 4370 ejus

260 4378 374 4437 liceret
387 4382 437 4436 ilio
451 4381 551 4439 Cirristi
564 4388 715 4455 necessitas,
736 4404 795 4458 quor
815 4390 902 4459 ipsum
913 4391 985 4447 coiis
999 4392 1047 4447 lto-
1096 4390 1237 4461 diligentie
1252 4406 1334 4461 quum
1349 4397 1479 4447 strenuus
1493 4390 1575 4445 etium
1597 4390 1626 4445 in
1647 4390 1710 4447 allis
1728 4390 1884 4449 credendus
1995 4443 1996 4458 ,

259 4468 303 4523 die
316 4485 362 4539 per
376 4486 404 4524 os
420 4488 505 4527 meum
520 4475 668 4546 supplicare
681 4478 822 4548 compellit.
847 4478 925 4535 Nunc
947 4484 1044 4553 itaque,
1063 4479 1083 4533 D
1097 4479 1132 4536 sit
1146 4479 1227 4535 liceat
1240 4481 1384 4537 testimure.

260 4558 342 4613 ualidi
366 4559 516 4629 leiiamres,
541 4568 686 4623 succurrite
705 4566 820 4635 Christo,
851 4569 912 4627 date
939 4575 1047 4629 nontino
1131 4572 1159 4628 l.
1179 4571 1302 4629 Assentit'
1317 4572 1433 4643 denique
1449 4572 1490 4628 rlr
1504 4571 1553 4629 uei
1568 4572 1697 4645 precibus
1719 4573 1840 4640 illorum,
1855 4582 1885 4629 et
1995 4553 1996 4598 ³

261 4657 347 4704 oestro
362 4651 463 4707 militie
475 4652 643 4724 curestano,
658 4659 779 4729 [elioldus
796 4663 891 4717 rostris
911 4668 1046 4738 apprepori
1097 4662 1154 4734 qui,
1170 4670 1199 4717 ut
1212 4662 1269 4733 jam
1282 4662 1411 4729 diximus,
1428 4678 1565 4719 asumma
1576 4664 1705 4735 pontifice
1718 4678 1815 4721 curum
1828 4666 1885 4718 uni·

260 4742 383 4812 satopt'ie.
399 4742 563 4805 Volislrodie
575 4766 684 4806 causam
700 4750 799 4808 Citrisli
811 4756 955 4821 committo,
975 4757 1046 4814 uoltis
1096 4767 1203 4808 marum
1227 4759 1380 4824 accepim.
1402 4753 1548 4809 θῐῑθΐὶθῐῑῠ
1569 4768 1680 4825 (tuoque
1703 4754 1885 4825 providenliae

261 4831 358 4901 ipsum,
376 4844 407 4887 ut
422 4839 460 4891 lta
473 4838 577 4908 loquar,
593 4842 621 4895 in
632 4858 726 4897 monus
742 4844 829 4911 trado,
845 4855 874 4899 ut
884 4862 942 4901 eum
957 4849 984 4904 in
995 4849 1048 4905 lsoe-
1096 4851 1209 4916 rogetus
1227 4845 1334 4917 accepit
1348 4842 1476 4900 odicium.
1496 4842 1575 4901 Tunc
1598 4846 1747 4901 exhortans
1770 4846 1834 4900 ilios
1856 4854 1885 4901 et

261 4921 400 4977 reditotem
415 4941 503 4992 suom,
520 4927 551 4983 de
565 4946 617 4999 quo
631 4932 772 4988 crudeliter
787 4936 884 5002 eiectus
898 4945 946 5003 est,
968 4940 1043 4994 resri-
1097 4933 1255 4989 couiortuus
1265 4933 1293 4987 in
1304 4932 1422 4997 Christo,
1437 4933 1517 5002 cujus
1528 4932 1652 4988 militium
1666 4933 1784 5005 professi
1793 4944 1884 4996 erant.
1995 4939 1996 5008 l

262 5017 334 5065 tuere
344 5012 481 5071 studentis.
497 5014 537 5073 Ac
549 5034 580 5074 ne
594 5036 637 5076 tos
649 5022 716 5093 iilud
727 5033 824 5080 terrem
834 5027 903 5099 quod
919 5028 967 5083 lton
982 5038 1047 5085 rem.
1097 5030 1201 5079 certum
1216 5030 1324 5094 tempus
1336 5022 1480 5079 coustituit
1500 5036 1565 5092 quo,
1588 5022 1671 5078 rebus
1687 5023 1746 5078 suis
1765 5022 1886 5094 dispesi-

259 5113 323 5170 pure
337 5103 442 5172 pensilis
460 5106 546 5163 rantes
562 5125 640 5180 super
656 5124 758 5170 nostros
779 5116 842 5171 adeo
862 5120 983 5187 illusistis,
1004 5136 1047 5176 rc·
1098 5113 1144 5179 lis,
1160 5113 1248 5184 parati
1258 5127 1353 5169 omnes
1368 5113 1402 5168 nd
1416 5112 1540 5169 eurndetn
1552 5114 1642 5168 locum
1655 5114 1681 5169 ei
1695 5122 1883 5180 occurrerent,

261 5206 321 5247 rum
334 5196 535 5264 precedentium
549 5216 592 5256 uos
608 5205 683 5274 cupio
703 5208 845 5266 reminisci.
869 5210 909 5268 Eo
933 5222 1046 5283 tempore
1098 5205 1190 5279 ibique
1206 5220 1300 5262 secum
1323 5206 1376 5261 iter
1400 5216 1503 5261 sancite
1527 5206 1758 5276 peregrinationis
1781 5209 1885 5276 serips—
1995 5223 1996 5260 t

260 5300 313 5356 quo
327 5284 435 5343 celebris
448 5290 501 5346 ista
511 5292 642 5363 cupeditio
660 5296 707 5351 sui
721 5299 803 5353 nobili
818 5299 884 5357 duce
898 5300 1065 5373 Goteirido„
1097 5286 1341 5357 remunerantes
1365 5310 1456 5357 sutem
1474 5302 1508 5358 ud
1535 5314 1646 5371 proprtu
1668 5300 1818 5370 diligenter
1836 5300 1885 5353 sd·

261 5376 414 5449 caeterisque
433 5379 597 5438 Francorum
613 5401 644 5439 uc
655 5385 874 5447 Titeutonicorum
885 5393 1046 5462 principibus
1098 5391 1204 5445 mortuil
1217 5399 1247 5444 ut
1265 5398 1388 5463 tempore
1410 5391 1502 5447 medio
1525 5400 1600 5446 caste
1614 5398 1642 5445 et
1657 5390 1777 5446 innocue
1792 5405 1825 5445 se
1836 5390 1885 5444 ltu-
1995 5407 1996 5456 j

262 5464 336 5532 iacto
347 5476 396 5533 est,
413 5469 527 5541 infidelis
541 5473 587 5528 ille
598 5478 719 5545 populus,
736 5480 775 5535 ita
786 5491 814 5535 ut
825 5498 905 5546 nunc,
920 5482 1049 5538 Cltristio-
1097 5482 1204 5549 iterent,
1218 5491 1244 5537 et
1258 5483 1363 5554 seipsos
1378 5481 1499 5547 Christo,
1514 5482 1599 5537 totius
1614 5482 1743 5553 puritatis
1756 5480 1883 5545 strumosi,
1995 5479 1996 5482 ’

262 5558 302 5613 nis
316 5561 436 5615 omnious
447 5566 537 5620 occisis
552 5563 592 5621 uel
605 5570 699 5637 captis,
712 5580 809 5627 terram
822 5573 897 5627 illam
912 5589 1049 5643 occupaue-
1098 5574 1199 5631 milites
1215 5574 1376 5630 exhiberent
1390 5562 1514 5631 idoneus.
1531 5575 1592 5645 lpse
1608 5588 1672 5628 vero
1687 5590 1751 5628 curn
1768 5574 1883 5630 honesto
1995 5559 1996 5598 ³

264 5657 318 5712 rai,
337 5662 508 5726 sonoramque
521 5658 653 5715 ciuitatem
670 5661 831 5730 Jerusalem,
850 5675 875 5719 et
891 5664 999 5735 Tyrum,
1017 5681 1048 5719 oc
1099 5667 1229 5721 comitutu
1252 5667 1386 5737 praecipuu
1402 5673 1429 5721 ct
1442 5667 1560 5720 tnuxirne
1582 5666 1725 5737 populosu-
1738 5666 1824 5721 tutius
1841 5681 1885 5721 re-
1995 5665 1996 5716 l

265 5739 401 5814 silwim,
413 5748 547 5821 ipsamque
559 5753 738 5842 lenocinium,
753 5765 777 5811 et
791 5756 859 5813 alios
874 5760 950 5813 urbes
962 5759 1048 5815 usuri·
1098 5759 1187 5831 giouis
1207 5758 1267 5813 loca
1291 5756 1466 5825 circumiens,
1485 5756 1597 5813 crebros
1609 5754 1785 5828 predicando
1801 5755 1885 5812 isole·
1995 5755 1996 5776 ¹
