4000 6350
267 369 303 427 ,ῃ
743 351 881 412 uulnus
900 353 944 408 DE
964 351 1047 408 ltlcn
1065 349 1111 405 st
1130 348 1283 408 AEclbltls
1299 347 1414 408 Panis.
1853 348 1887 403 l!

272 497 343 556 pano
362 482 469 538 locutus
481 487 532 535 est.
549 485 612 534 ttaee
626 488 676 545 ego
689 479 795 528 mutum
810 471 838 524 in
859 469 949 540 primo
969 463 1090 536 hujush
1136 463 1270 521 fonditus
1281 465 1309 520 in
1323 473 1400 520 sexto
1410 463 1531 520 ereditur
1542 475 1604 519 esse
1614 463 1669 532 dic,
1682 471 1736 520 etc.

271 575 362 646 operis
376 573 525 636 molimine,
541 569 589 624 sed
604 565 691 622 latins
714 563 748 618 de
771 562 879 616 Aurora
895 557 964 630 petri
978 557 1053 626 llige
1139 551 1210 610 Turn
1223 561 1377 625 muratus
1393 552 1454 608 aliae
1469 553 1530 608 sine
1550 549 1686 618 litterali,
1707 551 1767 607 alie
1779 551 1839 608 sine
1853 553 1886 620 C,

273 666 346 736 loqui
361 677 450 735 operer
466 659 582 740 pretium
606 655 748 724 duximus,
760 652 879 710 editione
901 649 953 705 ista
969 647 1059 703 alters
1105 639 1234 697 aliaesine
1253 641 1286 708 D,
1310 649 1338 698 et
1359 641 1401 698 sic
1425 649 1625 712 consequenter
1644 657 1707 696 cum
1730 641 1887 697 exclusione

270 771 331 828 que
344 755 378 811 ad
391 751 580 823 compendium
597 763 652 803 non
667 746 751 817 cogit.
766 743 878 797 Aurorae
892 740 975 796 tetius
991 752 1055 794 car·
1104 734 1226 789 omnium
1235 733 1387 788 litterarum
1397 733 1545 803 alphabeti.
1555 733 1632 804 Dpus
1645 733 1887 804 quidemiugenio·

271 849 344 903 mine
361 856 497 912 oppresse
511 839 604 905 uario,
626 835 758 904 Prologus
773 831 914 903 prosaicus
936 826 1052 898 incipit:
1104 837 1165 879 sam
1191 832 1220 879 et
1246 823 1503 891 laboriosissimum,
1526 824 1574 880 sed
1588 824 1668 895 eujus
1682 837 1792 881 carmen
1813 823 1885 878 baud

273 931 405 1002 Frequens
418 925 550 983 sedaliam
563 939 682 980 mearam
695 923 800 992 petitio,
813 935 872 974 cnm
885 917 979 989 quibas
990 931 1054 970 can·
1104 914 1142 970 ita
1154 928 1254 985 purum
1267 923 1426 984 tersumque
1440 928 1503 970 esse
1513 915 1613 984 potuit.

270 1013 397 1072 serrendo
411 1013 490 1082 liores
504 1026 568 1066 mere
579 1008 703 1078 infantie
716 1004 800 1076 caepi,
824 1011 853 1057 at
863 1001 975 1066 librum,
999 1008 1052 1054 eto.
1192 999 1289 1073 incipit
1302 1002 1426 1074 prolapsa
1437 1004 1465 1058 in
1477 1001 1584 1058 Nonam
1592 1002 1797 1058 Testamentum.

270 1106 344 1164 Drda
366 1105 478 1160 durare
492 1101 555 1158 talis
568 1109 610 1156 est
634 1098 744 1170 qualem
768 1091 889 1166 depingit
916 1090 1054 1148 Antonius
1104 1087 1169 1145 Post
1179 1089 1267 1161 legem
1280 1099 1398 1146 veterem
1412 1092 1529 1161 respira,
1543 1091 1634 1158 Petre,
1648 1091 1765 1160 raiulpet

271 1195 436 1252 Passerinus
458 1195 486 1248 in
508 1192 645 1261 Apparatus
658 1202 755 1253 sacra,
771 1194 846 1240 tomo
864 1181 903 1249 ll,
923 1180 970 1238 iol.
988 1179 1053 1250 265,
1139 1177 1195 1235 bes
1207 1194 1287 1246 nora,
1303 1177 1348 1236 iae
1360 1195 1457 1237 sersus
1467 1181 1501 1236 de
1511 1182 1631 1238 novitate
1645 1196 1748 1248 noros,
1763 1191 1817 1238 etc.

269 1288 353 1344 rerba
367 1285 463 1340 Petras
477 1283 510 1337 dc
529 1282 608 1353 ilipa.
930 1317 936 1328 .
1175 1267 1275 1342 incipit
1287 1271 1413 1344 proiapas
1432 1288 1512 1343 saper
1525 1273 1608 1327 Artas
1620 1271 1813 1343 apostoloram.

427 1373 461 1429 ln
475 1372 595 1430 Genesim
611 1370 743 1439 incipiant
758 1369 889 1424 carmina.
1103 1360 1165 1417 Dixi
1175 1377 1220 1418 me
1234 1362 1327 1419 linisse
1339 1364 1450 1433 librum,
1466 1365 1514 1421 sed
1527 1381 1624 1422 rursus
1637 1365 1665 1420 in
1679 1365 1765 1421 hctus

269 1467 362 1524 Drimo
375 1465 447 1522 laeta
457 1465 512 1531 die,
525 1463 591 1528 duo,
608 1462 720 1528 coelunr,
735 1467 806 1516 terra
817 1458 963 1529 leguntur:
1137 1452 1240 1510 Poscor
1251 1456 1427 1525 apostolicos,
1441 1457 1602 1513 continuare
1615 1455 1725 1527 stylum,
1739 1465 1793 1511 etc.

306 1557 340 1614 Εῑ
352 1557 514 1614 firmamenti
529 1555 634 1626 ⁸D¹¹l⁰¹i¹
650 1559 780 1624 willelm
794 1549 848 1618 <¹¹⁰2
862 1558 917 1606 ⁰¹⁰·
1103 1565 1240 1639 Incipient
1257 1567 1339 1625 Actus
1349 1567 1530 1640 apostoloram
1544 1567 1660 1622 mestar
1671 1566 1794 1622 Leoninis
1805 1566 1888 1621 besa·

545 1644 643 1716 Incipit
657 1642 778 1697 Bendas.
1445 1639 1548 1693 metris.

270 1739 335 1798 llaec
345 1737 469 1796 duodena
482 1733 595 1792 Petrum
610 1741 676 1791 sunt
691 1732 812 1796 nomiae,
837 1729 883 1802 qui
896 1728 976 1801 quasi
992 1729 1053 1800 ple·
1138 1724 1241 1782 'liberii
1256 1742 1329 1784 norro
1341 1727 1446 1784 decimo
1460 1725 1600 1797 regnantis
1614 1725 1642 1780 iu
1653 1739 1737 1794 anno,

945 1819 1000 1894 [bis
1067 1789 1090 1845 B
1139 1821 1209 1876 Dum
1224 1822 1336 1877 serviret
1347 1821 1436 1877 adhuc
1449 1821 1509 1876 diro
1522 1820 1614 1876 lutea
1628 1818 1767 1892 Tyranno,
1780 1828 1833 1876 etc.

305 1919 416 1978 Semina
430 1919 559 1981 iudaice,
570 1923 611 1972 tot
623 1915 742 1971 tribucre
753 1913 850 1980 tribus,
865 1921 918 1968 etc.
1138 1910 1203 1967 lime
1215 1919 1305 1967 autem
1319 1912 1375 1967 duo
1388 1911 1484 1967 ultima
1496 1921 1620 1983 poemata
1634 1911 1662 1965 in
1682 1911 1762 1965 Aetas
1782 1921 1888 1980 aposta·

318 1995 326 2010 '
530 2007 628 2078 incipit
641 2005 784 2062 beriticus.
1103 2001 1191 2056 loram
1213 1999 1283 2058 salso
1305 2000 1394 2058 Lucas
1416 2001 1569 2072 wadingus
1592 2001 1747 2057 Alexandro
1767 2001 1802 2056 de
1817 1996 1886 2054 Villa

271 2099 330 2156 Vox
341 2108 431 2155 autem
447 2097 554 2152 Domini
564 2095 675 2166 lioysen
687 2102 783 2161 uocat,
797 2093 914 2164 imperat
926 2091 966 2147 illi
1103 2093 1164 2163 Dei,
1190 2092 1336 2162 llinoritae,
1361 2094 1495 2162 attribuit,
1509 2109 1571 2149 cum
1587 2094 1631 2148 illa
1650 2092 1706 2149 sint
1726 2108 1791 2162 pars
1805 2092 1888 2162 bujus

307 2187 342 2244 Ut
352 2203 401 2244 sua
414 2187 497 2243 rerba
512 2184 612 2252 lerens,
627 2182 713 2254 plebis
728 2184 756 2238 in
767 2197 834 2238 aure
851 2189 934 2247 serat,
946 2189 1000 2236 etc.
1103 2183 1217 2240 Aurora
1237 2183 1311 2240 Petri
1335 2186 1369 2240 de
1391 2185 1471 2256 biga,
1496 2165 1543 2256 aui
1557 2184 1651 2240 multis
1666 2184 1746 2241 annis
1769 2181 1889 2240 Alexan}

355 2277 491 2349 dirripiunt
506 2275 629 2346 Numeri,
640 2291 687 2332 ses
703 2274 769 2330 liber
783 2271 970 2328 Numerarem.
1104 2271 1185 2328 drunr
1200 2275 1234 2330 de
1249 2273 1320 2331 villa
1335 2274 1381 2330 Dei
1397 2277 1534 2346 precedit.

270 2371 426 2446 tttoannnr
436 2367 546 2444 lioysen
558 2367 642 2435 Deus,
655 2376 683 2424 et
695 2365 814 2438 jubetut
830 2371 1000 2429 numeretur,
1140 2365 1244 2422 Auctor
1267 2363 1357 2436 llagni
1378 2364 1508 2422 chronici
1522 2364 1623 2436 Delgici
1640 2365 1679 2420 ait
1702 2381 1765 2421 eum
1790 2365 1892 2420 obiisse

306 2461 441 2520 Dmnibus
456 2474 489 2516 es
502 2457 638 2522 tribubus,
655 2454 735 2511 loreis
746 2453 780 2509 ad
791 2466 869 2508 arma
882 2452 992 2518 cohors,
1000 2459 1053 2506 ete.
1105 2457 1200 2514 Remis
1212 2472 1286 2512 anno
1301 2455 1383 2523 1209,
1399 2465 1481 2526 ‚sque
1496 2454 1581 2511 ruisse
1603 2456 1765 2510 canonicum
1782 2456 1892 2524 mpura.

480 2547 579 2620 Incipit
593 2544 835 2602 Detttcraoomt‘ttm·
1036 2539 1043 2548 ’
1105 2559 1163 2601 rem
1183 2544 1289 2601 ordinis
1303 2544 1360 2600 divi
1371 2543 1516 2614 Augustini
1533 2543 1561 2597 iu
1585 2544 1693 2598 alrbatia
1716 2541 1809 2600 Sancti
1825 2543 1892 2599 Dio-

270 2643 336 2701 llaee
348 2649 412 2700 sunl
425 2638 508 2696 verba
526 2637 626 2709 quibus
641 2635 749 2708 Moyses
768 2631 900 2688 insitum
914 2629 1054 2698 llebraeoes
1105 2637 1177 2710 npsii
1203 2637 1358 2704 llemensis,
1387 2645 1414 2692 et
1438 2635 1630 2690 Dilliothecans
1650 2635 1890 2706 cognominatum.

308 2733 341 2790 El
356 2733 431 2790 volui
444 2731 527 2788 aliero
540 2729 593 2795 ¹0¹.
606 2727 707 2784 dicim?
720 2725 786 2780 illud
804 2737 884 2796 0Dl¹⁸2
899 2730 952 2780 0¹0·
1107 2727 1194 2800 Vulgo
1211 2740 1302 2785 tamen
1317 2729 1344 2783 in
1361 2743 1428 2785 mss.
1445 2727 1585 2785 codicibus
1600 2729 1717 2786 clericus
1735 2737 1783 2783 aut
1795 2737 1894 2784 cautor

518 2819 618 2890 Incipit
631 2818 699 2874 iiber
714 2815 806 2873 Ietae·
881 2831 884 2836 '
1106 2831 1154 2877 aut
1165 2821 1306 2893 presbyter
1319 2819 1462 2877 ilemensis
1472 2820 1632 2891 appellatur,
1653 2819 1701 2890 qui
1721 2820 1809 2889 patria
1827 2817 1894 2874 Vin-

270 2913 337 2971 Posl
350 2911 459 2984 Moysen
472 2909 555 2966 iosus
568 2907 669 2980 Dtlpulo
686 2901 984 2963 domindlurflebraeffi
1106 2909 1263 2968 docinensis
1285 2919 1355 2967 erat.
1381 2911 1420 2967 lta
1446 2911 1490 2966 bic
1516 2920 1622 2981 auctor,
1643 2911 1689 2968 sed
1716 2911 1801 2968 luisse
1815 2911 1893 2966 illum

308 3003 420 3086 Terram
430 3018 511 3076 quam
523 2996 631 3072 lloyses
644 3013 699 3054 non
714 2997 799 3066 dedit,
818 2995 862 3052 ille
874 2996 959 3062 dedii,
974 3003 1027 3050 0²⁰·
1106 3002 1261 3057 canonicam
1280 3001 1438 3072 repedarent,
1450 3009 1640 3072 argumentum
1650 3000 1832 3057 decretorium
1850 3009 1894 3055 est

431 3083 435 3090 ’
499 3090 598 3162 incipit
613 3089 678 3145 liber
690 3087 826 3144 indicum.
1069 3091 1259 3168 cauctoritas
1271 3088 1374 3162 AEpidii
1389 3089 1553 3148 Parisiensis
1570 3100 1668 3162 poeta,
1683 3090 1730 3162 qui
1751 3090 1893 3161 aliquanto

269 3184 429 3247 Pollidius
443 3186 476 3242 de
489 3182 631 3239 iudicibus
648 3180 770 3237 Ιὶθῐῑῑῑῑὶθ
787 3178 852 3247 [¹³12
1106 3194 1169 3257 post
1184 3193 1301 3241 mortem
1315 3182 1389 3241 Petri
1404 3186 1438 3240 de
1449 3182 1527 3255 ilipa,
1541 3184 1661 3240 correxit
1675 3184 1809 3239 Aarorarn
1820 3184 1892 3251 eius,

306 3280 348 3340 Do
360 3278 461 3351 auibus
476 3274 609 3331 auritium
625 3271 742 3343 sumpsit
755 3269 867 3327 liebraet
880 3270 981 3338 tribus,
1000 3278 1055 3327 cto.
1106 3276 1152 3333 cui
1176 3284 1439 3346 contemporaneum
1455 3275 1533 3330 illum
1559 3274 1655 3343 luisse,
1681 3288 1799 3351 cunique
1826 3274 1892 3329 olim

529 3363 626 3434 incipit
641 3362 707 3417 fider
720 3360 801 3417 lilii·
1107 3366 1270 3423 ismiliarem
1285 3365 1415 3423 babuisse
1426 3376 1454 3423 et
1464 3368 1595 3432 amicum,
1613 3366 1681 3421 satis
1691 3365 1832 3435 probabile
1841 3374 1892 3421 est.

272 3459 314 3517 od
326 3456 400 3515 Ruth
420 3456 534 3513 festino
546 3454 619 3511 reru
634 3454 730 3527 sulus.
745 3452 828 3524 huius
842 3463 872 3510 ut
886 3462 964 3509 auus
1107 3456 1262 3529 uictisque
1275 3456 1469 3528 londinensi
1481 3457 1666 3511 strennum
1678 3454 1800 3511 telove
1813 3456 1893 3523 resa,

308 3548 443 3621 Dellillssdl
456 3546 532 3603 linui
546 3546 678 3613 camille,
691 3559 782 3601 Sermo
792 3544 893 3609 brevis·
905 3553 957 3600 ele·
1108 3550 1165 3607 imo
1177 3559 1205 3605 et
1218 3564 1264 3605 sn.
1279 3548 1360 3614 troo,
1379 3556 1410 3603 ut
1429 3555 1522 3617 pustm
1547 3546 1681 3613 dicemus,
1696 3546 1842 3614 scribebat,
1866 3546 1894 3600 in

482 3636 582 3705 incipit
598 3637 627 3691 in
639 3636 722 3693 libros
736 3636 845 3707 llepant.
1107 3642 1222 3713 prologo
1236 3640 1363 3711 quemad
1378 3638 1512 3693 Aaronom
1522 3653 1538 3693 a
1547 3652 1577 3694 se
1589 3647 1740 3693 correctam
1751 3638 1895 3708 premisit,

268 3732 340 3792 Post
350 3730 450 3785 librum
464 3728 498 3785 de
508 3727 661 3792 iudicibus,
676 3742 754 3784 soem
768 3726 849 3784 lectio
864 3733 986 3782 tractans
1108 3731 1256 3801 incipiente
1270 3731 1398 3801 fraterne
1414 3730 1556 3785 charitatis
1572 3729 1650 3801 qnasi
1662 3730 1804 3801 quamdam
1823 3732 1896 3799 sapit

310 3823 348 3881 De
362 3821 467 3895 Regum
483 3821 578 3889 titulis,
589 3821 680 3877 nobile
694 3820 772 3893 ponit
785 3834 865 3891 opus,
881 3829 935 3876 etc.
1108 3822 1285 3889 alsindinem,
1309 3829 1375 3889 eto,
1390 3835 1520 3891 expresse
1536 3819 1647 3877 Petrum
1666 3821 1701 3876 de
1716 3819 1784 3891 liiga
1808 3818 1897 3876 luisse

426 3913 525 3984 incipit
536 3912 564 3968 in
578 3912 718 3967 Canticum
727 3914 901 3969 canticoram.
1109 3914 1274 3973 canonicum
1292 3914 1444 3984 regularem
1469 3912 1499 3968 S.
1524 3904 1647 3984 Dionysii
1669 3911 1835 3978 liemensis,
1853 3912 1898 3968 bis

270 4006 356 4064 Solus
373 4003 503 4074 Origenes
514 4018 577 4060 eunt
588 4002 684 4060 doctos
696 4003 817 4059 vitrearet
832 4018 928 4060 omnes
1109 4004 1202 4062 serbis
1213 4003 1270 4062 ait:
1288 4004 1407 4061 Dicimus
1423 4005 1554 4076 imprimis
1569 4003 1639 4075 asaei
1659 4002 1769 4077 quidam
1783 4003 1896 4057 eanoni-

304 4096 338 4154 iu
351 4096 429 4153 libris
442 4096 514 4163 aliis,
525 4102 617 4151 mmeu
633 4096 660 4151 in
671 4096 742 4151 libro
755 4094 921 4165 Salomonis,
935 4104 989 4151 etc.
1110 4110 1158 4151 cas
1177 4094 1306 4167 reputaris
1329 4092 1423 4152 Sancti
1436 4094 1559 4164 Dionysii
1579 4092 1725 4160 bernensis,
1738 4092 1833 4147 Petras
1847 4108 1898 4146 no·

479 4185 579 4257 Incipit
595 4188 623 4241 in
633 4186 731 4242 librum
747 4185 847 4242 Tabite.
1111 4190 1193 4256 mine,
1207 4187 1275 4259 Ripa
1286 4187 1449 4257 capitanatae,
1459 4186 1541 4256 jacta
1553 4185 1634 4251 illud,
1964 4178 1966 4183 ’

270 4280 328 4349 oni
341 4281 409 4351 legis
421 4279 564 4337 historiam
579 4277 684 4347 Tobiae,
698 4280 805 4336 discute
822 4294 933 4335 sensum
1147 4279 1244 4334 Petras
1256 4278 1323 4349 ilipa
1335 4292 1423 4344 socos,
1439 4277 1482 4330 cai
1495 4276 1596 4332 Christi
1604 4284 1681 4345 petra
1692 4275 1761 4345 ripat
1773 4290 1828 4337 cor,
1842 4282 1897 4329 cte.

310 4374 362 4443 Qui
377 4374 452 4445 latet,
464 4388 498 4429 ex
511 4381 586 4444 petra
602 4375 682 4445 longe
696 4373 795 4428 buente
811 4372 900 4440 bibes,
917 4378 971 4427 cte.
1147 4365 1212 4423 ltaec
1224 4381 1275 4423 nos
1287 4381 1323 4421 ex
1341 4380 1395 4421 ms.
1407 4364 1503 4420 codice
1518 4363 1613 4419 Sancti
1627 4362 1745 4419 Victoris
1759 4360 1898 4418 Parisicn-

470 4461 567 4535 respa
580 4460 855 4519 tn‘trtramuansan.
1076 4427 1163 4524 Dos,
1173 4457 1263 4511 issara
1279 4452 1361 4511 auu.
1380 4453 1426 4520 er,
1443 4451 1491 4509 ru.
1508 4452 1564 4519 aa,
1579 4452 1626 4508 aar
1641 4452 1712 4510 uren
1728 4452 1833 4507 aaran
1845 4450 1898 4506 n·-

275 4553 425 4625 i‘ostquam
439 4556 577 4627 subjectos
589 4556 641 4613 sibi
656 4570 704 4612 rex
717 4554 864 4627 Babylonis
878 4552 1007 4607 llebraeos
1112 4549 1149 4604 tri
1162 4548 1237 4620 llige
1248 4562 1311 4602 cum
1325 4544 1531 4601 commentariis
1543 4552 1571 4599 et
1586 4542 1804 4600 correctionibus
1822 4542 1899 4612 AEgi-

316 4646 388 4705 vien
402 4657 429 4704 et
447 4647 552 4713 aillixit,
568 4664 644 4715 ense,
658 4648 764 4712 dolore,
781 4643 863 4712 iurrre,
876 4652 929 4699 etc.
1112 4640 1150 4696 dii
1163 4638 1337 4695 Parisiensis.
1362 4635 1442 4693 initio
1466 4646 1557 4694 auteur
1575 4636 1666 4709 operis
1680 4636 1763 4707 hujus
1775 4636 1894 4707 presbit·

518 4739 618 4810 incipit
630 4740 698 4793 iiber·
712 4738 817 4793 iudith.
1112 4735 1180 4790 titur
1193 4732 1240 4787 bic
1255 4732 1282 4786 in
1299 4730 1389 4785 ironic
1400 4728 1564 4786 versiculus.

278 4830 437 4898 muratula,
456 4830 603 4901 Paulaepuc
617 4830 712 4885 laveris
725 4826 918 4899 Hieronymus,
932 4836 1010 4881 actrrs
1184 4820 1283 4892 incipit
1296 4820 1339 4873 bic
1351 4818 1425 4890 liipee
1437 4817 1594 4873 bibliotheca
1604 4816 1689 4871 Petri.
1978 4881 1979 4888 ἵ

312 4918 465 4977 Transtulit
480 4922 611 4991 insignes,
627 4919 823 4987 historiamque
837 4914 943 4984 iudith,
956 4924 1009 4970 etc.
1114 4914 1189 4983 Dpus
1202 4925 1267 4968 vero
1278 4912 1350 4967 istud
1364 4922 1457 4983 utpote
1471 4924 1591 4978 sacrum,
1606 4908 1733 4978 proponit
1754 4908 1899 4979 legendum
1978 4891 1979 4894 ¹

520 5008 618 5079 incipit
631 5008 699 5063 tttcr
716 5006 822 5061 Etllter.
1115 5004 1299 5069 scholaribus,
1314 5004 1445 5058 inlocum
1460 5000 1639 5072 profanorum
1655 5008 1809 5054 auctorum.

179 5138 185 5151 ·
281 5100 418 5157 Danecnd
434 5092 975 5169 AEthiopumterrasreniaturabludiS,
1020 5128 1056 5169 χ
1150 5094 1221 5164 Erpo
1235 5105 1370 5164 poetaram
1384 5094 1560 5162 potiusquam
1572 5090 1646 5144 dieta
1658 5104 1767 5155 canora,

316 5192 387 5263 {iege
400 5194 453 5279 sub
465 5191 584 5247 hssuero
595 5188 702 5244 subdita
714 5196 785 5243 terra
801 5186 862 5255 latr,
874 5197 925 5241 etc.
1186 5184 1251 5240 llice
1266 5184 1314 5238 tibi
1325 5182 1447 5253 proponi,
1461 5180 1538 5235 tarda
1551 5179 1693 5241 scholaris,
1705 5194 1776 5230 anta.

438 5282 535 5353 Incipit
549 5282 673 5353 prolepsis
687 5278 908 5335 llacbeboeorarn.
1114 5276 1151 5333 Et
1164 5276 1192 5332 in
1208 5276 1262 5331 ilne
1276 5276 1368 5346 operis
1382 5283 1461 5344 rogat
1482 5279 1623 5328 corrector
1642 5269 1733 5340 operis
1756 5268 1900 5341 tnagistros

281 5374 394 5447 uaporis
408 5375 560 5431 Alexander
577 5387 633 5443 quo
644 5372 763 5442 primunr
778 5369 882 5426 Gracia
897 5382 959 5439 repe
1116 5366 1287 5423 Parisienses
1299 5373 1326 5420 ct
1337 5363 1550 5418 Aurelianenses
1564 5359 1674 5415 utillud
1687 5359 1746 5415 suis
1758 5357 1900 5429 discipulis

317 5470 432 5537 Floruit,
450 5469 556 5524 etorris
570 5480 669 5538 magna
680 5465 801 5536 trophaea
819 5464 891 5531 tusrt,
908 5471 960 5517 etc.
1116 5456 1272 5529 praelegunt.

283 5582 420 5653 irreipiant
444 5578 676 5647 recapitulationes
701 5576 801 5632 Veteris
838 5575 1008 5631 Testamenti.
1032 5572 1067 5628 Et
1153 5546 1220 5614 W
1235 5545 1284 5600 ¹⁵⁶3
1298 5542 1435 5597 ‘mum‘
1448 5549 1533 5596 ΜΝ
1548 5539 1748 5595 ν””ἀθεῖ”θ”’ἷ’
1763 5538 1885 5607 ‘dmm’

435 5651 521 5720 printo
541 5648 632 5720 apitar
645 5666 690 5718 per
704 5664 792 5703 uersas
806 5650 862 5703 sius
875 5648 908 5701 d.
1191 5644 1309 5712 Praelepe
1317 5639 1453 5705 Parisios,
1467 5638 1618 5692 Aurelianis
1632 5636 1708 5691 habe.

283 5741 421 5813 Principio
435 5756 528 5796 rerum
541 5750 602 5813 post
613 5740 737 5814 quinque
746 5740 815 5807 dics,
832 5740 914 5797 botrio
929 5738 1049 5810 priruus,
1120 5734 1154 5791 tlt
1165 5734 1247 5806 paulo
1259 5741 1322 5788 ssrte
1334 5732 1369 5787 ad
1382 5730 1483 5787 librum
1496 5738 1524 5786 et
1538 5730 1572 5785 sd
1583 5743 1680 5785 sersus
1701 5738 1767 5782 suos
1788 5724 1829 5779 sic
1842 5722 1902 5776 ait:
