4000 6350
223 372 257 431 ‘ll
727 345 851 406 opums
870 343 915 399 DE
933 337 1080 398 summu
1099 335 1213 393 mtuts.
1232 331 1342 388 uulso.
1818 323 1850 380 72

225 485 325 560 gitiosa
335 472 480 538 connati,
492 469 563 544 quud
579 469 668 524 locum
686 471 824 528 sanctum,
843 461 870 517 in
886 473 940 530 quo
950 457 1010 529 glo·
1025 459 1047 515 h
1061 450 1187 507 cessione
1205 448 1248 505 uei
1260 453 1343 502 cantu
1358 443 1392 498 ad
1406 442 1551 498 ecelesiam
1572 438 1738 503 adducatur,
1754 440 1796 495 rel
1818 441 1853 498 ad

225 574 302 630 tittsa
319 567 402 640 Virgo
428 567 533 636 gratam
560 557 613 613 slbl
638 545 808 611 mansionem
837 550 936 622 elegit,
956 562 1012 602 non
1063 542 1173 598 domum
1187 554 1265 596 suam
1281 534 1444 593 abecclcsia
1457 528 1646 588 reducatur.ln
1661 530 1748 585 choro
1761 537 1855 588 autem

227 663 317 722 solum
343 655 465 714 loedltate
480 649 644 711 uerborum,
659 660 753 702 sorum
771 643 854 700 etiam
870 637 1013 712 sanguinis
1064 634 1159 691 induet
1174 646 1288 704 cappam
1304 642 1393 691 saram,
1407 623 1602 682 assistentibus
1612 621 1637 678 el
1650 622 1854 680 duobuscauo-

227 753 360 811 eiiusione
374 749 535 820 plerumque
545 737 680 812 cortilagit
691 734 846 808 inquinari3
858 741 886 790 et
899 740 1014 790 caleam
1065 725 1136 782 uicis
1149 721 1337 783 subdiaconis,
1343 725 1371 774 et
1382 725 1478 772 tenero
1486 715 1615 771 baculum
1628 711 1763 776 canmris,
1778 719 1857 768 aute·

228 837 384 898 adinventio
404 842 460 888 mm
474 829 637 904 perniciosae
656 825 821 884 temeritatis
829 821 963 887 invaluit,
984 829 1016 876 ut
1065 833 1147 891 quam
1163 811 1476 887 incipianturllespcrae,
1492 807 1607 878 incipiat
1624 818 1735 878 prosam
1748 819 1758 858 :
1769 803 1857 861 Lete-

229 927 415 993 saeratissima
434 925 494 980 dics
504 964 512 986 ,
523 923 551 978 ia
566 937 620 994 qua
635 917 729 976 mundi
750 917 916 987 Redemptor
928 911 1017 970 uoluit
1065 927 1127 964 mur
1140 908 1262 991 gaudiia:
1274 919 1327 976 qua
1349 903 1424 958 llnita
1439 901 1596 971 episcopus,
1612 899 1634 953 si
1657 913 1779 968 praesens
1793 895 1856 953 lue·

229 1018 401 1084 circumcidi,
417 1015 517 1072 testum
530 1012 678 1082 Famosum
691 1024 741 1065 nee
752 1004 888 1064 immerito
901 1017 1017 1076 genera·
1066 1004 1113 1065 rit,
1130 1000 1174 1056 rel
1196 998 1333 1076 decanos,
1349 994 1462 1050 ahsente
1480 991 1625 1062 episcopo,
1636 988 1680 1044 sel
1697 987 1858 1058 capellanus

230 1117 293 1170 liter
305 1093 478 1167 consueverit
493 1103 635 1176 appellari.
654 1098 831 1156 attendentes
843 1097 926 1168 igitur
942 1093 1016 1166 quod
1067 1090 1206 1164 episcopi,
1220 1094 1338 1156 utroque
1357 1085 1484 1148 ahsente,
1498 1079 1613 1151 incipiet
1632 1092 1762 1149 resperas
1780 1074 1858 1132 ordi·

231 1204 259 1258 in
273 1201 314 1257 eis
328 1199 426 1254 diebus
445 1192 611 1251 calamitatis
633 1199 661 1247 et
682 1190 782 1256 luctus,
807 1201 876 1258 quos
896 1183 1034 1240 turbatio.
1067 1187 1131 1235 nate
1144 1186 1172 1233 et
1190 1174 1351 1232 solemniter
1368 1168 1562 1237 celebrandam
1580 1169 1632 1222 hoc
1656 1165 1765 1233 addito,
1782 1165 1858 1237 qttod

231 1307 384 1367 temporum
405 1299 434 1347 et
448 1297 595 1351 terrarum,
609 1289 637 1338 et
647 1281 782 1354 precipue
793 1276 926 1335 desolatio
937 1282 1019 1332 terrm
1068 1265 1283 1339 Responsorium
1299 1272 1327 1319 et
1342 1260 1545 1323 decorticamus,
1567 1259 1596 1314 in
1618 1257 1710 1329 triple,
1727 1257 1770 1312 rel
1787 1270 1859 1327 qua-

230 1387 399 1450 humulis,
419 1380 550 1455 grauiori¹
566 1374 686 1449 pertudit
708 1370 903 1436 amaritudine,
926 1369 1019 1440 potius
1068 1358 1187 1427 drupto,
1204 1354 1246 1409 uel
1264 1367 1369 1424 organo
1391 1356 1520 1423 poterunt
1534 1347 1688 1414 decantari3
1704 1346 1859 1416 alloquina

233 1479 366 1536 debemus
382 1470 554 1530 orationihus
567 1473 594 1524 et
617 1461 746 1535 iacrymis
766 1459 921 1530 indulgere,
936 1471 1019 1527 quam
1069 1457 1188 1522 quatuor
1200 1445 1378 1503 subdiaconis
1390 1440 1598 1512 indutiscappis
1610 1439 1724 1496 sericeis
1733 1435 1860 1510 llespon·

383 1566 389 1580 ‘
403 1560 570 1620 vanitatibus
583 1565 610 1614 et
631 1551 849 1625 turpitudinibus
862 1547 1018 1613 deservire3
1071 1542 1175 1599 sariram
1189 1532 1573 1605 csntahitur.Completorinm
1586 1530 1713 1586 ordinate
1722 1536 1750 1585 et
1760 1529 1863 1587 solem-

234 1661 356 1718 uolentes
369 1657 451 1714 etium
466 1668 482 1709 a
501 1646 658 1708 sanctuario
669 1642 778 1701 Domini
791 1655 900 1698 omnem
913 1638 1021 1710 spurci·
1071 1637 1143 1689 niter
1156 1631 1323 1686 cantabitur.
1332 1625 1445 1682 Pulsate
1459 1632 1551 1680 autem
1567 1623 1650 1678 unico
1661 1621 1780 1678 classico
1794 1627 1861 1675 ante

234 1751 303 1806 tiam
314 1756 343 1805 et
352 1745 525 1804 menonem
537 1734 780 1798 contaminationis
791 1731 1021 1794 excluderemuc·
1072 1723 1231 1785 Matutinus,
1241 1721 1313 1778 sicut
1323 1721 1351 1774 in
1362 1717 1478 1774 sumatis
1492 1713 1721 1778 solemnitatibus,
1734 1711 1860 1767 matutini

234 1839 348 1896 toritale
359 1833 569 1908 legationisque
584 1826 734 1898 iungimus,
747 1821 900 1878 districtius
914 1817 1018 1874 inhibe·
1038 1787 1059 1842 B
1072 1815 1259 1886 abepiscopo,
1280 1811 1323 1867 rei
1343 1810 1460 1874 decano,
1475 1809 1518 1864 uel
1533 1805 1675 1878 capsitano
1690 1803 1862 1875 incipiantur

235 1947 299 1990 ntus
311 1947 346 1988 ue
360 1930 389 1986 ia
401 1927 526 1984 &masia
535 1927 627 1980 vestm
646 1920 681 1976 de
703 1922 803 1972 cetero
820 1913 849 1970 ia
861 1911 1022 1984 prescripta
1062 1902 1168 1988 ,ordisse
1182 1900 1275 1958 debito
1289 1897 1510 1962 consummandi,
1523 1896 1577 1951 hoc
1587 1895 1695 1965 adjecto
1713 1893 1788 1965 quod
1802 1899 1861 1949 ter-

236 2023 410 2080 solcmnitate
428 2033 444 2074 a
462 2017 630 2090 quibuslibet
650 2011 752 2084 aliquid
776 2013 925 2064 attentetur
946 2002 1020 2074 qaod
1071 1994 1140 2050 tium
1163 2001 1192 2049 et
1214 1999 1321 2048 sertum
1346 1988 1562 2060 llesponsorium
1586 1987 1614 2042 in
1632 2000 1753 2058 organo,
1768 1983 1812 2040 ael
1830 1983 1862 2038 iu

236 2112 391 2170 otomootom
410 2108 608 2181 professionem
631 2119 686 2162 oon
705 2103 817 2165 deceat,
832 2103 880 2154 aut
896 2094 1023 2150 rideatur
1072 2085 1166 2157 triplo,
1184 2083 1226 2139 rel
1237 2083 1266 2138 in
1279 2079 1433 2154 quadruplo
1447 2079 1639 2135 cantabuntur.
1655 2077 1759 2133 Cantor
1772 2074 1863 2130 hiatu·

172 2169 176 2178 '
237 2203 285 2260 Μ
303 2200 465 2260 mmm
478 2199 627 2270 gemm
642 2197 694 2254 ,ug
711 2190 934 2250 qnggfmpnqgiqno
956 2201 1024 2244 ono.
1073 2175 1193 2231 tinorum
1201 2171 1387 2242 liesponsoria
1401 2169 1549 2225 ordinabit.
1564 2167 1647 2224 llissa
1661 2167 1788 2224 similiter
1797 2180 1862 2221 cunr

236 2295 366 2351 qqmqg
392 2289 569 2362 „mmmm
596 2303 631 2345 „0
657 2286 787 2356 omnmo,
815 2283 868 2340 ooo
891 2286 1024 2336 oomoom
1074 2265 1182 2322 ceteris
1198 2263 1276 2319 boris
1294 2262 1420 2317 ordinate
1437 2260 1620 2317 celebrabitur
1630 2259 1665 2316 ab
1685 2259 1778 2329 aliquo
1791 2273 1864 2331 pre·

237 2383 401 2440 enormitate
415 2379 510 2435 eadem
525 2385 623 2448 agatur
637 2375 808 2434 solemnitas.
820 2370 1025 2441 Vobisquoque
1074 2355 1228 2417 (helmum,
1246 2351 1300 2406 ¹¹⁰0
1320 2349 1414 2405 ²dd3¹⁰
1436 2348 1508 2420 ll¹¹⁰d
1537 2347 1658 2420 Ebisma
1686 2359 1749 2401 ⁰⁰³¹
1776 2344 1865 2414 [mia

237 2470 333 2528 eadem
346 2469 512 2526 auctoritate
527 2466 652 2524 districte
666 2463 847 2537 praecipiendo
861 2460 1025 2518 mandamus
1074 2447 1182 2504 ditebi?
1196 2461 1212 2500 ³
1227 2441 1335 2500 du⁰b⁰⁸
1348 2441 1377 2495 ⁵¹¹
1392 2442 1486 2512 cappis
1500 2440 1613 2498 sericeis
1623 2479 1631 2505 2
1641 2445 1669 2494 0¹
1686 2432 1864 2509 P⁰⁵l¹¹¹⁰d¹¹¹¹¹

239 2566 271 2616 ut
284 2560 313 2616 in
335 2561 387 2615 hac
411 2565 490 2631 parto
501 2557 549 2612 hei
572 2556 697 2612 timorem
709 2562 736 2611 et
748 2555 835 2612 solam
855 2555 1026 2610 honestatem
1076 2546 1093 2598 o
1110 2540 1289 2598 ”subillatum
1306 2535 1509 2593 1¹¹5ffi¹0¹¹¹3¹¹¹¹⁵
1532 2533 1687 2604 h0¹¹⁰i⁰¹¹¹l
1704 2527 1867 2598 R0⁵l⁰¹¹⁵⁰·

241 2649 375 2704 tssbootos
395 2661 451 2720 prae
474 2647 572 2710 oculis,
590 2645 629 2701 ita
642 2645 800 2716 prodictam
814 2644 1024 2711 solemnitatem,
1075 2637 1147 2692 rium
1158 2643 1186 2691 et
1197 2633 1314 2688 Alleluia
1325 2631 1354 2687 in
1369 2629 1463 2701 triple,
1475 2628 1517 2683 uel
1530 2623 1694 2698 quadruplo,
1705 2621 1746 2678 rel
1758 2633 1866 2692 organo

240 2740 372 2797 dilatione
383 2747 411 2798 et
420 2739 566 2796 messione
574 2737 758 2802 cessantibus,
766 2736 939 2802 ordinarem
953 2736 1026 2807 quod
1077 2727 1106 2782 5¹1
1124 2725 1219 2797 calibis
1231 2724 1346 2781 sericeis
1361 2719 1565 2785 cantabuntur;
1583 2723 1612 2772 0¹
1630 2721 1712 2770 “¹¹¹st
1731 2711 1760 2768 ᾗ]
1779 2711 1867 2766 mim

240 2833 423 2890 resecandum
449 2831 592 2896 sideritis,
617 2845 743 2887 resecare
761 2829 879 2896 estotim
896 2845 931 2886 nc
953 2829 1028 2884 eirca
1077 2826 1196 2890 quatuor
1209 2813 1529 2888 procedenteslespere
1544 2817 1690 2882 sequentes
1704 2805 1776 2863 sieut
1789 2805 1867 2876 prio-

240 2924 347 2979 cultum
358 2921 539 2979 metuisset
559 2927 659 2977 statum
676 2920 804 2976 clericum
823 2917 925 2990 aliquid
941 2916 1029 2988 possit
1077 2927 1124 2969 res
1140 2925 1155 2966 a
1169 2907 1416 2980 Lateuturqaudiia
1430 2905 1571 2960 habebunt
1589 2902 1715 2967 initium3
1729 2907 1757 2956 et
1769 2904 1868 2954 canta·

243 3013 380 3070 honestati
408 3011 576 3067 contrarium
600 3008 775 3080 deprehendi.
802 3006 831 3064 st
854 3008 917 3078 quis
936 3015 1028 3064 autem
1079 3005 1153 3060 bitur
1170 3001 1361 3063 herebardus,
1376 2999 1438 3054 loco
1459 2993 1563 3070 hymni.
1578 2993 1702 3064 Deposuit
1716 2990 1866 3065 quinquies

241 3112 339 3161 contra
354 3103 468 3158 formam
480 3102 647 3171 uuhissuper
658 3099 710 3155 hoc
724 3099 903 3156 constitutam
918 3097 1063 3181 tentori-c
1079 3098 1113 3154 ad
1129 3098 1190 3168 plus
1204 3095 1311 3151 dicetur
1322 3093 1383 3148 luco
1399 3105 1465 3156 suo;
1487 3097 1514 3144 et
1536 3088 1559 3143 si
1575 3093 1672 3157 captus
1687 3082 1770 3141 luerit
1780 3083 1868 3139 baeu·

242 3200 299 3251 tat'e
319 3192 439 3265 qualibet
464 3192 558 3249 uenire
580 3190 802 3262 presumpserit,
822 3192 911 3262 ipsum
933 3199 1028 3245 nostra
1080 3192 1139 3256 lus,
1157 3188 1236 3245 linito
1259 3186 1295 3242 Te
1316 3186 1398 3240 heum
1425 3182 1577 3244 laudamus,
1598 3176 1867 3235 consummabuntur

242 3286 305 3341 ireti
326 3285 506 3350 atteteritate,
529 3283 564 3339 ah
578 3282 665 3339 allicio
678 3288 705 3337 et
720 3280 861 3347 henellcio,
878 3290 904 3337 et
916 3282 1029 3353 insuper
1079 3284 1207 3355 Vespero
1228 3281 1263 3336 ab
1287 3296 1320 3336 eo
1341 3295 1357 3335 a
1381 3294 1436 3347 quo
1455 3276 1556 3333 luerint
1573 3272 1716 3330 inchoatae.
1733 3268 1867 3325 Ultimum

243 3376 280 3435 ab
294 3374 409 3432 introitu
424 3374 501 3431 ebori
515 3380 543 3431 et
561 3374 673 3444 capituli
686 3374 872 3445 suspendatis,
888 3382 915 3430 et
934 3374 1029 3430 tandiu
1080 3376 1206 3434 similiter
1219 3370 1432 3444 Completorium
1446 3368 1572 3427 ordinate
1585 3366 1701 3423 dicetur.
1711 3362 1763 3419 Per
1777 3362 1868 3418 tetum

244 3484 294 3540 pro
327 3482 462 3539 suspenso
489 3466 636 3532 habeatis,
674 3466 884 3539 suspensionem
909 3466 1031 3536 capitulo
1081 3465 1180 3523 lestum
1191 3466 1219 3520 in
1231 3463 1360 3521 omnibns
1372 3459 1448 3516 boris
1459 3457 1584 3515 canonici
1595 3464 1623 3514 et
1633 3456 1726 3513 elerici
1738 3455 1766 3510 in
1777 3452 1868 3509 stallis

245 3559 451 3623 denuntiantes,
468 3558 555 3616 donec
571 3557 605 3615 de
615 3558 827 3631 praesumptione
840 3572 889 3614 sua
902 3558 1030 3615 satisfac·
1080 3557 1140 3616 suis
1154 3556 1278 3613 ordinate
1293 3562 1320 3611 et
1330 3554 1492 3627 regulariter
1507 3567 1537 3609 se
1551 3546 1868 3607 habebuntlnhihemus

245 3656 346 3710 tionem
369 3652 496 3709 erltiheat
516 3660 725 3724 competentem.
739 3650 924 3708 Nihilominus
947 3651 1031 3707 ctiam
1080 3651 1164 3723 igitur
1191 3665 1226 3706 ne
1246 3648 1445 3706 ordinationem
1475 3646 1555 3702 istam
1581 3642 1680 3714 aliquis
1704 3638 1869 3712 perturbare

246 3759 341 3800 omnes
363 3741 425 3799 ilios
446 3742 533 3800 eidem
559 3744 701 3801 sententiae
726 3742 836 3797 uinculo
857 3741 1031 3813 praecipimus
1081 3749 1247 3814 presumat:
1262 3748 1290 3796 et
1308 3739 1356 3811 qui
1371 3754 1431 3793 eam
1443 3737 1592 3794 ohservare
1605 3733 1736 3798 noluerit,
1755 3736 1870 3787 sentcn-

242 3834 382 3900 iunodari,
396 3835 442 3906 qui
463 3850 493 3892 se
514 3836 660 3891 occasione
674 3832 867 3905 prohibitionis
889 3832 971 3903 buius
984 3840 1031 3888 aut
1082 3833 1146 3889 tiam
1158 3832 1280 3889 incarnat
1294 3830 1321 3886 in
1333 3830 1475 3901 proruisse
1488 3826 1647 3883 authentico
1658 3822 1763 3881 denuoi
1775 3821 1869 3878 cardi·

246 3927 450 3984 constitutionis
464 3932 562 3983 uestrae
589 3940 604 3981 a
628 3924 739 3981 seruitio
751 3922 880 3981 Ecclesiae
898 3924 926 3980 in
939 3924 1032 3995 vigilia
1080 3926 1153 3981 nalis
1175 3936 1344 3995 expressam.
1362 3919 1398 3977 tu
1422 3928 1512 3976 autem
1532 3916 1669 3974 institutio
1687 3917 1740 3971 ista
1760 3914 1870 3969 firmior

245 4019 288 4075 rel
310 4020 336 4074 in
354 4018 398 4074 die
418 4018 599 4075 solemnitatis
613 4016 735 4089 ejrrsdcm
755 4015 890 4071 malitiose
904 4015 1032 4072 duxerint
1082 4019 1259 4088 inpostorum
1275 4018 1511 4085 perseverassem
1524 4010 1653 4080 presenti
1667 4006 1771 4077 scripto
1789 4003 1868 4075 sigil-

246 4109 570 4178 suhtrahcudos.Quodsi
583 4123 677 4165 ornnes
691 4107 735 4163 his
746 4107 928 4177 exsequendis
938 4106 1032 4178 nequi·
1081 4110 1170 4164 lorum
1188 4114 1346 4163 nostrorum
1360 4101 1542 4173 impressione
1558 4100 1665 4155 munito
1679 4095 1868 4156 ceromendari

245 4202 334 4257 serint
348 4201 491 4264 iuteresse,
508 4198 590 4256 atrtsi
602 4199 684 4264 leue,
700 4199 772 4270 (quod
783 4199 863 4255 absit!
880 4197 1032 4270 aliquisuel
1083 4200 1208 4255 lecimus.

246 4293 329 4365 aliqui
344 4299 465 4349 oestrum
480 4291 562 4345 etiam
576 4298 766 4361 praesentasse
782 4304 864 4359 super
877 4288 920 4344 his
931 4288 1033 4344 discor·
1117 4290 1215 4345 Actum
1230 4302 1303 4343 anno
1318 4284 1452 4342 incarnati
1464 4282 1547 4340 Verbi
1561 4282 1640 4339 llus.

245 4386 295 4441 d‘es
316 4382 500 4447 exhibuerint,
516 4396 577 4447 uos,
601 4380 687 4436 irater
701 4380 840 4451 episcope,
854 4394 916 4435 cum
928 4378 1032 4435 decane
1453 4396 1497 4453 qq

245 4474 439 4547 etreliquisde
455 4472 659 4576 prenominatis
669 4470 742 4575 quod
754 4472 830 4527 uobis
840 4471 1031 4573 'irrjrrngimum
1045 4475 1069 4533 Ι)
1083 4512 1151 4569 Aua,
1161 4512 1256 4568 mm
1266 4512 1383 4584 ‘jum
1397 4512 1497 4569 mm
1510 4509 1668 4565 pamm
1677 4508 1793 4578 mmm.
1819 4524 1869 4576 m

246 4567 396 4639 affimlflere
407 4565 569 4621 ‘emere‘
582 4576 694 4631 ⁰¹⁸⁰‘lu'
710 4568 873 4632 murem·
896 4580 906 4613 ’
1117 4584 1283 4639 solentnltete
1296 4582 1510 4639 Circumeiaiem's
1529 4580 1638 4637 homiui
1656 4588 1682 4634 et
1702 4548 1870 4634 saneti'Ste-

282 4656 337 4715 Nos
351 4656 445 4730 igitur,
458 4654 595 4709 intellectu
616 4657 643 4707 et
659 4652 768 4723 cognito
787 4650 860 4723 quod
874 4650 1032 4723 proscripta
1116 4654 1207 4724 plani.

247 4748 408 4806 solemnitas
422 4744 569 4802 hominieae
581 4741 807 4799 circumcisionis
821 4743 911 4797 minus
926 4742 1033 4813 regula·
1371 4720 1460 4794 (Αῃῃο
1475 4720 1555 4776 ¹¹99·

248 4842 315 4897 rlter
325 4846 461 4911 ageretur,
476 4837 598 4893 solentes
616 4836 760 4890 instalum
776 4834 937 4890 carrouicum
955 4850 1033 4891 rere·
1223 4834 1273 4909 [Er
1290 4849 1389 4906 magno
1404 4831 1538 4888 Pastorali
1553 4828 1725 4902 parisiensi]

247 4946 312 4987 care
326 4930 398 5001 quod
412 4928 441 4983 in
461 4926 622 4985 scandalum
641 4918 771 4980 Ecclesiae
790 4930 893 4981 tentem
909 4923 1033 4981 noscitur
1117 4927 1193 4993 Ouo,
1214 4924 1260 4982 hcl
1275 4925 1361 4996 gratia
1377 4921 1541 4979 l‘arisiensis
1557 4920 1723 4991 episcopus,
1738 4910 1873 4975 onaaubus'

246 5021 406 5097 pullulasse,
418 5018 581 5075 auctoritate
594 5013 699 5089 prelati
711 5014 802 5086 legati,
813 5014 934 5070 adbibita
947 5024 1033 5070 matu·
1082 5018 1116 5075 ad
1129 5033 1199 5089 quos
1211 5016 1307 5088 pagina
1319 5029 1438 5086 praesens
1450 5014 1613 5084 pervenerit,
1626 5010 1654 5066 in
1665 5008 1780 5067 [tommo
1793 5010 1870 5064 som.

248 5112 327 5168 ritate
344 5108 464 5174 consilii,
478 5102 662 5179 supradictam
677 5104 875 5161 solemnitatem
893 5103 1033 5159 ordinari·
1081 5116 1146 5165 tom.

248 5218 310 5261 mus
325 5204 353 5259 iu
369 5202 442 5257 huuc
456 5200 566 5255 mollum
579 5216 587 5253 t
600 5199 630 5253 ln
641 5196 733 5267 vigilia
750 5194 907 5253 lestiuitatis
919 5196 953 5251 ad
978 5194 1033 5251 Vc·
1095 5208 1099 5211 ’
1116 5197 1158 5254 Ad
1172 5198 1225 5254 hoc
1238 5196 1375 5260 ues,licet
1389 5194 1550 5259 immeritos,
1566 5193 1593 5248 in
1607 5192 1689 5263 hujus
1702 5190 1871 5263 praelationis

249 5310 344 5369 sperus
372 5308 510 5364 canapance
523 5292 647 5347 ordinate
664 5290 736 5347 sicut
760 5289 789 5344 in
813 5288 896 5361 datplo
914 5288 1032 5362 simplici
1081 5288 1170 5345 edicio
1191 5286 1359 5359 dispensatio
1381 5284 1468 5341 soluit
1489 5283 1579 5339 divina
1600 5282 1746 5361 constitui,
1775 5289 1806 5337 ut
1834 5282 1870 5336 ad

250 5388 440 5461 pulsabuntur.
456 5384 559 5441 carator
577 5383 658 5440 laeiet
671 5381 843 5437 metuculum
861 5382 888 5435 in
903 5382 1032 5438 omnibus
1082 5380 1166 5438 (bairai
1182 5380 1273 5436 cultus
1294 5376 1531 5449 amplificationem
1554 5376 1704 5432 stradiosias
1717 5374 1871 5433 debeamus

248 5480 388 5544 ordinate;
401 5474 553 5548 rhythmos,
567 5488 707 5545 personas,
723 5475 868 5531 luminaria
876 5473 1041 5528 herciarum
1082 5472 1232 5536 intendere,
1247 5479 1275 5526 et
1288 5477 1456 5542 quocontra
1469 5468 1637 5525 honestatem
1651 5465 1871 5523 ecclesiasticam

248 5570 302 5625 nisi
323 5574 428 5622 tantum
445 5564 554 5621 iuratis
569 5564 683 5629 lerreis,
703 5574 731 5621 et
746 5566 775 5619 ln
787 5578 887 5637 penna,
899 5563 923 5618 sl
940 5570 1032 5617 tamea
1083 5563 1110 5617 in
1120 5561 1201 5617 domo
1216 5559 1324 5616 homini
1339 5559 1431 5615 utinm
1445 5556 1608 5628 regulariter
1621 5555 1770 5626 pullulasse
1785 5568 1872 5610 nore·

249 5660 364 5715 uoluerit
376 5657 421 5714 ille
433 5658 480 5730 qui
498 5671 610 5729 cappam
626 5656 783 5712 redditurus
796 5662 848 5720 est,
865 5654 923 5710 llari
937 5652 1032 5725 prohi-
1083 5655 1179 5716 rimns‚
1195 5650 1357 5721 exstirpare.
1368 5647 1437 5705 Cum
1462 5648 1545 5719 igitur
1560 5646 1708 5705 bominicae
1721 5644 1873 5702 eircumci-

249 5754 360 5818 hemus;
372 5750 518 5808 statuimus
530 5749 613 5805 etiam
628 5764 662 5804 ne
674 5746 874 5805 dominuslesti
889 5760 951 5802 cum
966 5760 1031 5817 pro·
1083 5743 1168 5799 sionis
1187 5738 1341 5795 ueneranda
1357 5736 1515 5793 solemnitas
1530 5738 1595 5793 olim
1614 5736 1642 5791 in
1655 5734 1776 5792 Ecclesia
1791 5733 1871 5788 Pari·
