4000 6350
262 401 312 458 tas
844 399 1024 457 ebullierit
1043 398 1303 457 etsiettcttJNSts
1840 393 1893 451 lind

252 532 307 574 non
321 515 400 572 laclle
412 515 624 574 demonstrabis.
641 512 721 582 Nara,
738 513 761 572 si
775 515 851 572 dicas
866 525 958 572 actum
971 516 1044 584 fidei,
1060 523 1084 578 Α
1098 526 1203 572 ctorem
1219 515 1293 586 quod
1307 529 1339 570 ea
1363 528 1425 584 quae
1447 527 1499 569 nou
1512 512 1644 569 virtutum
1670 517 1750 566 actus
1766 509 1896 568 intrinse-

253 610 341 682 ipsam
354 605 444 672 llderu,
460 622 507 662 cre
523 605 694 676 prodierim
709 609 800 664 verbis
813 609 1048 678 astruere3‘sirrtili
1101 626 1149 666 cos
1164 624 1264 665 vocare
1278 607 1436 673 maluimus,
1452 605 1577 676 plerique
1591 605 1673 661 etiam
1687 612 1781 660 motus
1793 619 1895 661 rosan·

253 701 360 755 ratione
387 697 422 754 de
456 713 504 768 spc
521 713 632 770 quoque
663 710 689 756 et
716 701 852 759 charitate
874 701 1049 758 sentiendum
1100 708 1166 756 tur:
1184 699 1250 772 quia
1268 714 1330 756 cum
1345 695 1613 754 morerenonaliud
1633 696 1670 752 sit
1688 711 1771 768 quam
1796 711 1894 768 apere3

252 793 323 859 erit;
340 797 465 846 uinctus
485 789 522 846 sit
537 791 607 863 spei,
630 807 743 864 sperare
768 792 903 850 sedicem
924 799 952 849 et
971 807 1048 864 spem
1100 801 1205 850 motum
1214 807 1324 865 qunque
1331 797 1493 847 actumesse
1507 803 1622 846 neeesse
1635 796 1688 846 est.
1697 787 1777 856 Quod
1791 790 1815 846 si
1830 805 1895 860 pas·

253 899 330 942 stram
346 884 439 950 verbis
451 885 601 954 extollere;
626 885 857 949 charitatisrem,
873 884 1048 940 dilectionem
1101 889 1205 947 sionem
1231 887 1273 943 rel
1290 884 1463 942 allectionem
1484 898 1585 941 vocare
1606 883 1749 951 malueris,
1774 881 1809 936 ad
1834 883 1896 938 ani-

253 977 300 1032 liei
315 984 341 1032 et
357 977 474 1046 proximi
495 988 549 1032 tam
583 975 610 1032 ia
636 993 665 1034 se
680 993 762 1046 quam
780 976 807 1032 in
823 977 884 1032 aliis
908 990 1050 1031 corrrmen·
1101 992 1175 1032 mam
1199 991 1261 1049 quae
1288 975 1411 1031 allicitur
1437 973 1536 1032 referri
1569 973 1717 1046 oportebit.
1753 971 1893 1048 Respecto

253 1069 335 1132 dare,
349 1077 431 1139 atque
447 1069 485 1123 ita
500 1068 534 1124 de
556 1069 685 1125 omnibus
705 1068 864 1124 ratiocinari
882 1068 986 1124 licebit.
1099 1083 1167 1125 reru
1181 1068 1293 1124 uirtutis
1307 1083 1369 1138 quae
1383 1075 1475 1124 movet
1493 1075 1587 1138 atque
1600 1073 1742 1139 operatur,
1758 1083 1816 1123 non
1840 1068 1893 1122 nisi

288 1161 348 1226 Quo
364 1168 485 1230 recepto,
499 1159 629 1215 nimirum
646 1161 788 1230 proveniet
800 1159 867 1214 illud
882 1168 912 1212 ut
924 1158 1049 1214 omnium
1101 1168 1180 1215 actus
1192 1166 1284 1230 potest
1302 1157 1446 1231 appellari.
1456 1157 1559 1215 Omnes
1571 1157 1655 1230 igitur
1668 1159 1801 1214 virtutum
1816 1167 1895 1214 actus

259 1248 612 1306 virtutumssterioruuus
628 1251 664 1306 sit
679 1256 758 1306 artus
775 1249 1049 1320 etsicquoquenul·
1101 1258 1157 1305 tam
1183 1249 1308 1304 occultos
1327 1263 1409 1320 quam
1435 1249 1588 1316 evidentes,
1608 1249 1643 1305 ad
1669 1251 1797 1305 meritum
1813 1259 1895 1306 mter·

146 1355 157 1377 ·
253 1342 309 1396 lum
321 1342 431 1396 illarum
444 1343 527 1397 trium
539 1343 682 1413 proprium
699 1357 731 1396 ac
743 1343 889 1413 specialem
905 1343 1048 1398 sortiatur.
1100 1358 1144 1400 nae
1161 1342 1224 1397 ritae
1239 1341 1416 1398 manilestum
1430 1349 1473 1398 est
1486 1342 1634 1412 pertinere.
1656 1341 1723 1410 Quae
1737 1349 1830 1398 tannen
1846 1359 1894 1416 ap-

255 1431 313 1488 lum
326 1434 409 1488 etiam
426 1433 495 1488 illud
522 1450 556 1489 ex
574 1433 626 1489 boc
648 1442 780 1505 sequetur
801 1435 999 1492 inconveniens
1021 1444 1051 1490 at
1102 1436 1213 1508 pellatia
1228 1434 1301 1490 sicut
1314 1434 1349 1488 de
1363 1433 1426 1490 aliis
1439 1447 1550 1504 quoque
1561 1432 1801 1504 praemissumest,
1812 1435 1895 1490 craili-

254 1523 374 1594 aliquanr
391 1525 519 1580 virtutem
534 1526 705 1582 contrarium
728 1526 780 1582 sibi
802 1525 928 1582 ellectum
950 1527 1051 1583 habere
1102 1529 1148 1584 bet
1170 1524 1386 1598 praecedentium
1411 1526 1481 1582 satis
1501 1525 1645 1598 congruit3
1670 1524 1736 1596 quia
1759 1527 1837 1580 nulla
1851 1535 1895 1582 est

255 1616 401 1677 fateamur,
429 1618 512 1673 etsie
551 1625 631 1674 actus
664 1618 839 1682 lmmilitatis,
868 1634 898 1674 se
919 1619 1051 1675 bumilcru
1102 1623 1191 1694 qratia
1206 1621 1337 1692 specialis
1350 1620 1380 1676 in
1402 1619 1515 1674 bomine
1538 1632 1588 1690 per
1609 1632 1692 1689 quam
1708 1631 1764 1672 nou
1787 1632 1895 1674 merea·

254 1707 389 1778 profiteri,
409 1716 437 1764 et
453 1708 542 1781 ipsam
569 1708 752 1764 humilitatem
777 1710 869 1766 uerbis
896 1708 1050 1764 extollere:
1102 1714 1396 1784 apnprmrtimcum
1411 1707 1789 1781 Spiritussanctuslquodet
1812 1709 1896 1780 paulo

255 1819 318 1858 curn
335 1803 426 1875 potius
445 1802 480 1858 ad
503 1805 659 1874 superbiam
679 1804 817 1873 pertinere
831 1802 978 1859 rideatur:
994 1801 1051 1856 vir·
1103 1812 1167 1862 aute
1192 1805 1297 1862 dictum
1327 1804 1380 1875 est)
1401 1817 1544 1874 nunquam
1568 1815 1632 1858 esse
1657 1800 1749 1856 ualeat
1774 1800 1893 1856 otiosus.

255 1901 342 1951 tutem
353 1895 588 1966 quamplurimum
612 1893 710 1950 laudes
733 1892 784 1949 tibi
799 1893 892 1948 inesse
913 1888 1048 1962 profiteri.
1065 1889 1087 1949 B
1102 1896 1296 1952 verumtamen
1310 1892 1377 1950 huie
1399 1893 1471 1950 beno
1485 1891 1559 1964 quad
1575 1883 1604 1946 ιἰι
1623 1897 1687 1946 actu
1704 1890 1826 1962 positum
1841 1897 1895 1956 aa,

255 1993 324 2048 Cum
337 2008 403 2064 ergo
418 2001 474 2048 tres
487 1992 541 2048 illae
556 1991 685 2057 virtutes,
697 2004 748 2046 nec
767 1988 819 2044 lros
832 1987 957 2060 privatos
970 1993 1051 2044 actus
1103 1986 1268 2044 familiarius
1281 2001 1343 2042 eam
1367 1983 1525 2056 putarimus
1550 1981 1763 2054 assignandam
1787 1996 1839 2052 pro
1862 1995 1896 2037 eo

255 2084 387 2150 babeant,
405 2099 456 2141 nec
481 2084 551 2140 ulios
575 2083 668 2140 valeas
693 2081 835 2154 reperire,
863 2095 916 2136 nec
937 2093 1050 2136 rursum
1100 2077 1175 2150 quod
1197 2075 1291 2132 omnia
1305 2075 1402 2132 merita
1417 2072 1528 2130 inbono
1541 2087 1625 2144 opere
1646 2079 1893 2138 consummantur;

256 2185 387 2248 tanquam
402 2176 553 2234 imbecilles
560 2182 589 2234 et
608 2173 865 2248 languidaeomnino
878 2179 941 2228 actu
956 2185 1052 2228 carere
1101 2178 1129 2228 et
1143 2171 1215 2226 ultra
1230 2168 1271 2226 nii
1289 2167 1365 2224 aliud
1380 2174 1466 2224 restat
1486 2166 1543 2224 nisi
1562 2164 1706 2238 praemium
1722 2171 1894 2236 exspectare,

255 2269 385 2342 possim;
400 2268 459 2338 iam
473 2267 546 2324 enim
568 2267 687 2324 virtutes
709 2281 766 2322 non
784 2271 898 2322 essent:
923 2269 1053 2334 superest
1100 2261 1136 2320 de
1159 2277 1216 2336 quo
1234 2262 1437 2333 subsequenter
1456 2259 1597 2331 agendum
1622 2265 1676 2315 est.
1694 2255 1774 2312 Libet
1797 2267 1892 2314 tamen

257 2370 288 2418 ut
301 2377 350 2418 eas
376 2375 442 2418 suas
464 2359 587 2416 internas
614 2359 741 2416 actiones
763 2371 812 2428 per
835 2355 952 2411 aliarum
975 2361 1054 2410 erte·
1102 2352 1267 2424 priusrelut
1282 2351 1311 2407 in
1333 2350 1453 2422 quodam
1468 2353 1613 2420 utriunque
1626 2347 1692 2404 boni
1706 2348 1896 2404 coadniome·

256 2454 330 2510 rinra
343 2467 428 2524 opera
443 2451 622 2510 manifestare
635 2451 782 2508 fateamur.
798 2447 954 2506 cumcuim
971 2445 1052 2502 rideo
1102 2447 1149 2502 riti
1164 2446 1273 2504 scilicet
1283 2458 1316 2502 ac
1331 2442 1450 2515 premii,
1470 2442 1618 2515 quamdam
1637 2439 1897 2512 interponerediri-

257 2551 286 2602 te
315 2543 408 2600 dirina
437 2549 572 2614 precepta
607 2550 672 2600 actu
705 2543 766 2613 ipso
792 2540 909 2598 lldeliter
937 2537 1053 2608 impiere
1102 2541 1209 2614 sionem
1223 2551 1258 2592 er
1273 2544 1392 2606 utroque
1414 2535 1614 2590 consistentem
1631 2532 1725 2602 :quod
1744 2545 1829 2586 omne
1850 2530 1897 2585 bo

256 2634 330 2708 qaod
346 2644 388 2694 est
401 2635 580 2701 obedientiam
598 2649 662 2690 cum
686 2647 738 2704 pro
755 2631 878 2704 peccatis
891 2644 993 2701 corpus
1009 2625 1053 2684 al·
1101 2643 1169 2686 nutu
1184 2627 1508 2692 bominis,autmeritum
1517 2631 1625 2680 mutum
1634 2620 1897 2692 eeamutpraernian

256 2729 361 2802 lliqere,
387 2727 462 2800 quod
486 2727 613 2792 timoris;
636 2739 699 2780 cuna
726 2731 753 2780 te
768 2724 898 2780 immilem
922 2719 1052 2776 omnibus
1102 2725 1221 2784 uatum,
1243 2729 1292 2775 aut
1307 2720 1436 2776 meritum
1455 2716 1538 2774 simrrl
1556 2726 1585 2771 et
1602 2714 1756 2786 praetuium.
1769 2714 1895 2768 lleta'tum

256 2815 401 2882 exhibere,
428 2813 590 2887 temporalia
612 2820 800 2878 conteramus,
820 2812 894 2884 quod
911 2809 1052 2866 immilita·
1102 2818 1264 2868 tantumest
1277 2811 1366 2882 prima
1389 2808 1477 2882 qratia
1500 2822 1562 2879 quar
1585 2805 1667 2862 datur
1687 2806 1837 2870 immerito,
1863 2803 1897 2858 ad

257 2910 356 2974 tisest;
372 2923 434 2964 cum
446 2922 580 2980 pauperes
590 2907 674 2970 alere,
687 2907 777 2962 nudos
793 2905 904 2969 restire,
922 2904 1052 2960 laboran-
1103 2904 1276 2968 ntereodum,
1288 2917 1351 2974 que
1365 2910 1395 2958 et
1412 2901 1511 2956 mereri
1529 2899 1635 2969 incipit,
1652 2897 1807 2969 persordis
1824 2911 1895 2952 con·

256 3002 331 3059 tibus
346 3003 573 3073 subvenirequae
587 3000 622 3056 ad
637 2998 856 3057 misericordiam
868 2997 1050 3055 releruntur:
1102 3001 1242 3054 tritionern
1263 3003 1292 3052 et
1318 2995 1511 3052 remissionem
1534 3000 1723 3065 peccatorum.
1748 2989 1897 3044 Praemium

255 3093 651 3165 eslrisetsimilibusiutelliqc
666 3099 692 3148 te
709 3092 738 3146 in
753 3090 838 3146 Βοιιιι
855 3087 986 3157 credere;
1002 3104 1053 3144 cu·
1103 3096 1210 3145 tantum
1223 3095 1268 3146 est
1277 3095 1381 3144 merua
1399 3085 1557 3154 retributio,
1572 3100 1634 3156 quae
1647 3082 1777 3139 omuibus
1788 3082 1895 3138 meritis
1987 3108 1988 3115 ι

254 3187 301 3257 jus
317 3185 454 3245 mandatis
476 3186 624 3257 diiigenter
639 3186 836 3255 obtemperas,
857 3190 961 3239 aeterna
975 3182 1050 3239 bona
1103 3180 1321 3252 precedentibus
1357 3178 1528 3244 exhibetur:
1565 3192 1599 3235 ea
1622 3192 1689 3235 rero
1718 3174 1788 3233 nibil
1824 3176 1898 3231 ultra

257 3294 380 3350 sperare,
403 3295 520 3350 quorum
548 3276 686 3334 desiderio
713 3276 875 3332 transitoria
903 3245 1087 3345 parsipeu·c
1104 3274 1194 3344 ipsam
1208 3272 1393 3339 merebimur;
1414 3272 1479 3342 quia
1498 3270 1607 3327 eumad
1629 3268 1706 3325 illam
1719 3276 1833 3325 rentum
1854 3266 1898 3322 lu·

257 3370 336 3433 dens,
366 3372 450 3426 etiam
478 3386 541 3441 pro,
558 3370 721 3426 remissione
750 3378 924 3439 peccatorum
950 3382 1053 3438 corpus
1102 3367 1171 3431 erit;
1184 3364 1242 3435 jam
1257 3379 1313 3420 non
1327 3364 1381 3419 erit
1395 3363 1555 3419 merendum
1575 3362 1707 3431 ulterius;
1723 3362 1770 3417 sed
1783 3360 1898 3433 praemio

258 3462 372 3533 sarigim
389 3460 710 3533 Deumdiliqere.eu1us
733 3474 827 3515 aurore
843 3458 962 3530 primum
978 3460 1052 3513 orani
1102 3456 1312 3528 perimendum.
1339 3454 1468 3511 ileritum
1490 3454 1574 3512 siaml
1601 3461 1631 3510 et
1656 3455 1801 3524 praemium
1831 3462 1896 3519 est,

259 3551 529 3609 studioccusolaris.
554 3552 642 3611 Simili
665 3551 748 3607 modo
762 3551 797 3609 de
811 3552 928 3623 singulis
943 3564 1055 3621 percur-
1102 3550 1244 3622 quodlibet
1279 3548 1458 3615 mediorum
1485 3546 1593 3604 scilicet
1627 3549 1758 3603 meritum
1784 3548 1897 3619 quidem

258 3644 345 3701 rendo
369 3628 503 3711 inuenies,
528 3660 625 3702 omues
650 3645 768 3701 virtutes
794 3656 850 3701 tam
866 3647 942 3717 ipsas
968 3661 1051 3717 queat
1102 3642 1245 3714 sequentis
1259 3640 1343 3706 boni3
1371 3640 1516 3711 praemium
1535 3652 1602 3695 sero
1621 3639 1815 3709 praecedentis,
1830 3638 1897 3694 darn

259 3736 382 3806 ipsarum
403 3751 486 3809 opera
506 3737 596 3793 tribus
618 3736 673 3793 illis
699 3745 829 3808 tanquam
853 3736 994 3808 primarie
1019 3750 1051 3793 ac
1102 3732 1188 3790 abeo
1211 3732 1365 3802 accipimus
1391 3729 1510 3801 qratiam
1532 3727 1561 3783 iu
1582 3730 1726 3799 premium
1743 3742 1795 3799 pro
1808 3730 1897 3800 qratia

260 3828 409 3900 precipuis
440 3829 597 3887 attestando
620 3828 771 3887 deservire.
794 3830 852 3887 llee
878 3838 986 3886 moreat
1010 3830 1051 3886 le·
1100 3844 1163 3901 quae
1171 3827 1249 3899 prius
1264 3826 1330 3883 data
1345 3823 1436 3881 iuerat
1453 3823 1488 3880 sd
1506 3822 1678 3881 merendum.

272 4066 400 4083 m

827 4255 1008 4342 LIBER
1036 4253 1327 4360 QUINTUS.

863 4448 908 4508 lie
936 4444 1194 4509 remuneratorio
1210 4445 1308 4512 bono.

467 4756 669 4817 carnutum
689 4756 837 4815 Pillllllll.
1064 4761 1188 4821 binlris
1209 4778 1270 4835 quae
1293 4761 1476 4834 generativam
1506 4767 1553 4816 aut
1582 4762 1762 4817 sentemiram
1789 4762 1895 4819 liabent

295 4852 470 4909 Ventumest
502 4853 587 4925 igitur
602 4852 637 4907 ad
660 4852 734 4907 illam
761 4853 883 4923 supremi
912 4854 1049 4911 excellen·
1103 4856 1340 4927 propagationem,
1355 4852 1480 4925 ejusdem
1505 4854 1634 4925 principii
1650 4856 1785 4910 sortiatur
1808 4860 1894 4910 riatu-

260 4944 428 5015 tisqueboni
444 4946 583 5015 speeiem.
610 4960 692 5016 ‘tuam
720 4943 782 5001 ideo
808 4945 890 5001 vitam
915 4954 1046 5003 aeternam
1101 4966 1172 5007 rum.
1188 4948 1247 5019 list,
1264 4950 1387 5020 inquiam,
1414 4949 1467 5004 lmc
1488 4946 1593 5004 bonam
1619 4950 1742 5005 oninium
1756 4950 1893 5006 bonorum

262 5036 421 5107 putarimus
433 5036 641 5107 appellandam3
659 5036 722 5107 quia
738 5036 796 5092 haee
819 5038 965 5109 appellatio
979 5054 1049 5111 prae·
1101 5040 1264 5095 collectione
1279 5039 1430 5111 perlectam
1448 5060 1455 5096 :
1472 5042 1513 5096 sie
1527 5050 1619 5096 tamen
1639 5045 1668 5095 ut
1685 5042 1760 5096 nulla
1771 5042 1894 5114 partium

259 5128 422 5186 cedentibus
456 5129 654 5200 congratantius
689 5128 834 5185 ridebatur
870 5131 1048 5201 respondere.
1099 5129 1893 5206 relaccidentiumvarietateconsistat.Estutiquebonum

259 5221 346 5289 Quale
368 5229 460 5277 autern
475 5220 512 5278 sit
533 5220 586 5277 lmc
602 5221 713 5288 bonum,
741 5220 893 5293 qualiterve
913 5221 1049 5278 dilliniea·
1085 5218 1154 5275 'boc
1167 5220 1296 5278 omnibus
1311 5221 1385 5287 aliis,
1409 5231 1437 5279 et
1451 5224 1529 5294 prius
1544 5224 1718 5296 antiquitate,
1733 5230 1760 5279 et
1781 5224 1893 5279 diutur-

259 5312 336 5377 dum,
352 5319 401 5367 aut
421 5326 476 5382 quo
499 5313 609 5369 nomine
627 5314 780 5370 rectissime
801 5321 968 5371 censeatur:
991 5328 1047 5367 ιιοιι
1100 5309 1186 5365 nitate
1195 5311 1335 5380 posterius
1351 5331 1358 5367 z
1376 5312 1417 5368 sic
1431 5319 1524 5370 tamea
1537 5323 1568 5371 ut
1580 5315 1671 5371 omnis
1686 5314 1722 5370 ab
1739 5320 1892 5387 cotempo-

260 5404 348 5460 solum
363 5418 414 5476 ego
426 5403 500 5461 scire
525 5420 580 5459 nou
601 5403 695 5474 raleo;
722 5404 770 5461 sed
787 5420 839 5461 nec
854 5405 940 5459 ullum
958 5403 1048 5457 honri·
1098 5402 1165 5456 ralis
1180 5402 1320 5474 quantitas
1334 5411 1520 5461 remorentur.
1540 5402 1670 5460 Omnium
1683 5404 1818 5475 optimum
1833 5412 1889 5469 est,

260 5510 321 5551 nem
339 5494 368 5549 ia
385 5510 468 5551 earne
482 5496 589 5551 mortali
606 5498 725 5567 positum
741 5512 823 5569 posse
838 5496 922 5552 credo
944 5496 985 5551 vel
1000 5508 1046 5550 cc·
1098 5494 1161 5550 sine
1182 5494 1270 5549 lorma
1284 5496 1443 5566 qualitatis;
1461 5496 1585 5554 omniurn
1596 5498 1748 5553 maximum
1762 5506 1815 5564 est,
1828 5498 1890 5555 sine

259 5584 346 5657 sitire
361 5586 404 5642 rel
428 5586 530 5659 eloqui.
550 5588 588 5645 lie
614 5604 669 5660 quo
693 5590 732 5644 nil
757 5596 824 5659 puto
846 5588 940 5645 verius
964 5602 1047 5659 posse
1097 5585 1259 5655 quantitatis
1277 5601 1409 5644 accessu:
1426 5588 1551 5644 ninnium
1572 5589 1738 5662 principium
1753 5597 1806 5653 est,
1831 5592 1891 5645 sine

258 5676 329 5741 dicl,
349 5692 431 5750 quam
446 5680 519 5751 quod
534 5682 646 5737 omnino
667 5686 710 5736 est
725 5678 877 5738 indicibile.
899 5680 948 5738 Est
971 5680 1045 5735 enim
1097 5679 1231 5734 relatione
1255 5680 1410 5751 temporali.
1428 5679 1543 5753 Semper
1563 5692 1616 5751 est,
1633 5684 1693 5738 sine
1712 5699 1797 5739 cursa
1819 5691 1899 5739 tem··

258 5765 359 5825 bonurn
375 5772 428 5826 lmc
443 5772 558 5828 aliorum
574 5774 695 5829 omnium
721 5772 801 5828 radix
829 5780 856 5829 et
878 5771 939 5829 lons
964 5782 1046 5844 atque
1097 5769 1196 5840 poris:
1218 5769 1320 5841 ubique
1333 5776 1387 5835 est,
1413 5771 1473 5827 siue
1489 5769 1662 5827 dimensione
1676 5770 1768 5825 loculi.
1790 5766 1891 5824 Omnia

257 5862 444 5948 principium:
464 5866 506 5922 sic
520 5871 614 5921 tarneu
628 5875 659 5921 ut
672 5864 778 5923 nullum
801 5880 835 5921 es
860 5863 989 5923 omnibus
1015 5874 1047 5919 ut
1096 5864 1230 5937 possidet,
1247 5873 1273 5921 et
1284 5864 1409 5921 habiturn
1420 5879 1475 5920 non
1487 5864 1582 5935 norit,
1598 5865 1690 5922 amnia
1704 5864 1894 5947 praesensisti-¹
